@comment{x-kbibtex-personnameformatting=<%l><, %f>}

@article{rodriguez_economioleicola_1977,
	author = "Remesal, Jos{\'e}",
	file = "0599(1).pdf:/home/mcoto/.zotero/zotero/esedysa1.default/zotero/storage/FRXTGR44/0599(1).pdf:application/pdf",
	journal = "Archivo Espa{\~n}ol de Arqueolog{\'i}a",
	number = "135",
	pages = "87--144",
	title = "{La econom{\'i}a ole{\'i}cola b{\'e}tica: nuevas formas de an{\'a}lisis}",
	volume = "50",
	year = "1977"
}

@book{millet_anforas_1998,
	author = "Berni, Piero",
	location = "Barcelona",
	publisher = "Col .lecci{\'o} Instrumenta. Universitat de Barcelona",
	title = "{Las {\'a}nforas de aceite de la {B{\'e}tica} y su presencia en la {Catalu{\~n}a} romana}",
	volume = "4",
	year = "1998"
}

@book{berni_millet_epigrafianforica_2008,
	author = "Berni, Piero",
	location = "Barcelona",
	publisher = "Col .lecci{\'o} Instrumenta. Universitat de Barcelona",
	title = "{Epigraf{\'i}a anf{\'o}rica de la {B{\'e}tica}. {Nuevas} formas de an{\'a}lisis}",
	volume = "29",
	year = "2008"
}

@article{horn_measurement_1966,
	author = "Horn, Henry S",
	file = "horn1966(1).pdf:/home/mcoto/.zotero/zotero/esedysa1.default/zotero/storage/3AC9TCK9/horn1966(1).pdf:application/pdf",
	journal = "The American Naturalist",
	number = "914",
	pages = "419--424",
	title = {{Measurement of "overlap" in comparative ecological studies}},
	volume = "100",
	year = "1966"
}

@article{berni_millet_amphora_1996,
	author = "{Berni Millet}, P",
	file = "berniamphorae.pdf:/home/mcoto/.zotero/zotero/esedysa1.default/zotero/storage/D4XQP8KC/berniamphorae.pdf:application/pdf",
	journal = "established by: Mauro Cristofani and Riccardo Francovich",
	pages = "751--770",
	title = "{Amphora {Epigraphy}: proposals for the study of stamp contents}",
	year = "1996"
}

@article{wolda_similarity_1981,
	author = "Wolda, Henk",
	file = "Wolda - 1981 - Similarity indices, sample size and diversity.pdf:/home/mcoto/.zotero/zotero/esedysa1.default/zotero/storage/RJRKXGCH/Wolda - 1981 - Similarity indices, sample size and diversity.pdf:application/pdf",
	journal = "Oecologia",
	number = "3",
	pages = "296--302",
	title = "{Similarity indices, sample size and diversity}",
	volume = "50",
	year = "1981"
}

