@comment{x-kbibtex-personnameformatting=<%l><, %f>}

@article{steele_james_ceramic_2010,
	author = "Steele, James and Glatz, Claudia and Kandler, Anne",
	file = "ceramicdiversity.pdf:/home/mcoto/.zotero/zotero/esedysa1.default/zotero/storage/XTX5C9NI/ceramicdiversity.pdf:application/pdf",
	journal = "Journal of Archaeological Science",
	language = "english",
	pages = "1--11",
	title = "{Ceramic diversity, random copying, and tests for selectivity in ceramic production}",
	volume = "30",
	year = "2010"
}

@article{remesal1979resena,
	author = "{Remesal Rodr{\'i}guez}, Jos{\'e}",
	journal = "Archeologia Classica",
	pages = "379--389",
	title = "{Rese{\~n}a a Dali Colls, Robert {\'E}tienne, Robert Lequ{\'e}ment, Bernard Liou, Fran\c{c}oise Mayet, L{\rq}{\'e}pave Port-Vendres II et le commerce de la B{\'e}tique {\`a} l{\rq}{\'e}poque de Claude, Archaeonautica, 1, Par{\'i}s ({\'E}ditions du CNRS), 1977}",
	volume = "31",
	year = "1979"
}

@book{fabiao2016marcas,
	editor = "Fabi{\~a}o, Carlos and Guerra, Am{\'i}lcar and Almeida, Jo{\~a}o and Almeida, Rui Roberto de and Pimenta, Jo{\~a}o and Filipe, Victor",
	institution = "Centro de Arqueologia da Universidade de Lisboa, Union Acad{\'e}mique Internationale",
	number = "19",
	publisher = "Corpus Internationale des Timbres Amphoriques",
	title = "{Marcas de {\^a}nforas romanas na Lusit{\^a}nia (do Museu Nacional de Arqueologia de Lisboa ao Museo Nacional de Arte Romano de M{\'e}rida)}",
	year = "2016"
}

@incollection{revilla2004anforas,
	author = "{Revilla Calvo}, V{\'i}ctor",
	booktitle = "{Epigraf{\'i}a Anf{\'o}rica}",
	location = "Barcelona",
	pages = "159--196",
	publisher = "Col .lecci{\'o} Instrumenta. Universitat de Barcelona",
	title = "{{\'A}nforas y epigraf{\'i}a anf{\'o}rica en Hispania Tarraconensis}",
	volume = "17",
	year = "2004"
}

@inproceedings{revilla2008produccion,
	author = "{Revilla Calvo}, V{\'i}ctor",
	booktitle = {{La producci{\'o} i el comer\c{c} de les {\`a}mfores de la" Provincia Hispania Tarraconensis. Homenatge a Ricard Pascual i Guasch: actes de les jornades d'estudi celebrades al Palau Marc de la Generalitat de Catalunya els dies 17 i 18 de novembre de 2005...}},
	pages = "189--226",
	publisher = "Museu d'Arqueologia de Catalunya",
	title = "{La producci{\'o}n anf{\'o}rica en el sector meridional de Catalu{\~n}a: pr{\'a}cticas artesanales, viticultura y representaciones culturales}",
	volume = "8",
	year = "2008"
}

@inbook{morretta1999,
	address = "Barcelona",
	author = "Morretta, S.",
	booktitle = "{Estudios sobre el Monte Testaccio (Roma) I}",
	location = "Barcelona",
	pages = "275--344",
	publisher = "Col .lecci{\'o} Instrumenta. Universitat de Barcelona",
	title = "{Considerazioni su varianti morfologique e modalit{\`a} di produzione delle Dressel 20 rivenute sul monte Testaccio (Roma). Materiale della campagna di scavo 1990.}",
	volume = "6",
	year = "1999"
}

@article{bonsor1899colonies,
	author = "Bonsor, G",
	number = "XXXV",
	publisher = "Revue Archaeologique",
	title = "{Les colonies agricoles pr{\'e}-romaines de la vall{\'e}e du B{\'e}tis (Revue Arch{\'e}ologique XXXV)}",
	year = "1899"
}

@book{bonsor1902pueblos,
	author = "Bonsor, George",
	number = "VI",
	pages = "837--857",
	publisher = "Revista de Archivos, Bibliotecas y Museos",
	title = "{Los pueblos antiguos del Guadalquivir y las alfarer{\'i}as romanas}",
	year = "1902"
}

@article{ayllon_olive_2018,
	author = "Ayll{\'o}n-Mart{\'i}n, R and {P{\'e}rez Gonz{\'a}lez}, J and {Remesal Rodr{\'i}guez}, J",
	file = "jordioilolive.pdf:/home/mcotsar/Zotero/storage/34PB7R4K/jordioilolive.pdf:application/pdf",
	journal = "M{\"u}nstersche Beitr{\"a}ge zur Antiken Handelsgeschichte",
	pages = "167--217",
	title = "{Olive {Oil} at the {Border} of the {Roman} {Empire}. {Stamps} on {Baetican} {Dressel} 20 {Found} on the {Tyne}-{Solway} {Isthmus}}",
	volume = "36",
	year = "2018"
}

@incollection{binford_contemporary_1972,
	author = "Binford, Lewis R",
	booktitle = "{Models in archaeology}",
	publisher = "Routledge",
	title = "{Contemporary model building: paradigms and the current state of {Palaeolithic} research}",
	year = "1972"
}

@article{baldi_innovation_2016,
	author = "Baldi, Johnny and Roux, Valentine",
	doi = "10.1080/00758914.2016.1230379",
	file = "The\_innovation\_of\_the\_potters\_wheel\_a\_co.pdf:/home/mcoto/.zotero/zotero/esedysa1.default/zotero/storage/FZR9CA53/The\_innovation\_of\_the\_potters\_wheel\_a\_co.pdf:application/pdf",
	journal = "Levant",
	number = "3",
	pages = "236--253",
	title = "{The innovation of the potter's wheel: a comparative perspective between {Mesopotamia} and the southern {Levant}}",
	volume = "48",
	year = "2016"
}

@article{rodriguez-almeida_novedades_1972,
	author = "Rodr{\'i}guez-Almeida, Emilio",
	journal = "Publications de l'{\'E}cole Fran\c{c}aise de Rome",
	number = "1",
	pages = "107--241",
	title = "{Novedades de epigraf{\'i}a anforaria del {Monte} {Testaccio}}",
	volume = "10",
	year = "1972"
}

@article{roux_spreading_2013,
	author = "Roux, Valentine",
	file = "rouxspreading.pdf:/home/mcotsar/Zotero/storage/NSL66CFX/rouxspreading.pdf:application/pdf",
	journal = "Journal of Archaeological Method and Theory",
	number = "2",
	pages = "312--330",
	title = "{Spreading of innovative technical traits and cumulative technical evolution: continuity or discontinuity?}",
	volume = "20",
	year = "2013"
}

@article{rodriguez-almeida_bolli_1974,
	author = "Rodr{\'i}guez-Almeida, Emilio",
	journal = "Bullettino Della Commissione Archeologica Comunale Di Roma (1977)",
	pages = "199--248",
	title = "{{Bolli anforari di {Monte} {Testaccio}, I} }",
	volume = "84",
	year = "1974-1975"
}

@incollection{madrid_i_fernandez_m._estudio_2010,
	address = "Barcelona",
	author = "{Madrid i Fern{\'a}ndez, M.} and {Buxeda i Garrig{\'o}s, J.}",
	booktitle = "{Estudios sobre el monte {Testaccio} ({Roma}) {V}}",
	pages = "439--484",
	publisher = "Col .lecci{\'o} Instrumenta. Universitat de Barcelona",
	series = "{Instrumenta}",
	title = "{Estudio de caracterizaci{\'o}n arqueom{\'e}trica de las {\'a}nforas del {Testaccio}}",
	volume = "35",
	year = "2010"
}

@inproceedings{grubessi_progetto_1999,
	author = "Grubessi, O",
	booktitle = "{Estudios sobre el monte {Testaccio} ({Roma}). {I}.}",
	pages = "365--424",
	publisher = "Instrumenta. Universitat de Barcelona",
	title = "{Progetto {Testaccio}, {Roma}: uno studio archeometrico delle anfore {Dressel} 20}",
	volume = "7",
	year = "1999"
}

@incollection{tabales_excavacion_2002,
	author = "Tabales-Rodr{\'i}guez, Miguel Angel",
	booktitle = "{Anuario arqueol{\'o}gico de {Andaluc{\'i}a} 1999}",
	pages = "860--875",
	publisher = "Consejer{\'i}a de Cultura",
	title = "{Excavaci{\'o}n de los hornos romanos del {Hospital} de las {Cinco} {Llagas}. 2Âª fase-1999}",
	volume = "2",
	year = "2002"
}

@article{eerkens_jelmer_cultural_2007,
	author = "Eerkens, J. and Lipo, C.P.",
	file = "Eerkens\_and\_Lipo\_2007-libre.pdf:/home/mcoto/.zotero/zotero/esedysa1.default/zotero/storage/MJIUFJVC/Eerkens\_and\_Lipo\_2007-libre.pdf:application/pdf",
	journal = "Journal of Archaeological Research",
	pages = "239--274",
	title = "{Cultural {Transmission} {Theory} and the {Archaeological} {Record}: {Providing} {Context} to {Understand} {Variation} and {Temporal} {Changes} in {Material} {Culture}.}",
	volume = "15",
	year = "2007"
}

@article{bentley_random_2004,
	author = "Bentley, R. Alexander and Hahn, Matthew W. and Shennan, Stephen J.",
	file = "Bentley et al. - 2004 - Random drift and culture change.pdf:/home/mcoto/.zotero/zotero/esedysa1.default/zotero/storage/I7AIJB3B/Bentley et al. - 2004 - Random drift and culture change.pdf:application/pdf",
	journal = "Proceedings of the Royal Society of London. Series B: Biological Sciences",
	number = "1547",
	pages = "1443--1450",
	title = "{Random drift and culture change}",
	url = "http://rspb.royalsocietypublishing.org/content/271/1547/1443.short",
	urldate = "2014-09-15",
	volume = "271",
	year = "2004"
}

@book{chicdatos2001,
	author = "Chic, Genaro",
	file = "Chic - 2001 - Datos para un estudio socioecon{\'o}mico de la B{\'e}tica.pdf:/home/mcoto/.zotero/zotero/esedysa1.default/zotero/storage/LIS3GMUW/Chic - 2001 - Datos para un estudio socioecon{\'o}mico de la B{\'e}tica.pdf:application/pdf",
	publisher = "Gr{\'a}ficas Sol",
	title = "{Datos para un estudio socioecon{\'o}mico de la {B{\'e}tica}: marcas de alfar sobre {\'a}nforas olearias}",
	volume = "1-2",
	year = "2001"
}

@incollection{remesal_monte_1987,
	address = "Madrid",
	author = "Remesal, Jos{\'e}",
	booktitle = "{Hispania {Romana}: desde tierra de conquista a provincia del {Imperio}}",
	keywords = "archaeologist; archaeology; roman empire; testaccio",
	language = "Spanish",
	pages = "81--85",
	publisher = "Electa",
	title = "{Monte {Testaccio}}",
	url = "http://ceipac.gh.ub.es/biblio/Data/A/0007.pdf",
	year = "1987"
}

@article{roux_standardization_2015,
	author = "Roux, Valentine",
	file = "Roux-StandardisationDiffusion JAA2015(1).pdf:/home/mcoto/.zotero/zotero/esedysa1.default/zotero/storage/VZZWETZW/Roux-StandardisationDiffusion JAA2015(1).pdf:application/pdf",
	journal = "Journal of Anthropological Archaeology",
	pages = "1--9",
	title = "{Standardization of ceramic assemblages: {Transmission} mechanisms and diffusion of morpho-functional traits across social boundaries}",
	volume = "40",
	year = "2015"
}

@article{schillinger_copying_2016,
	author = "Schillinger, Kerstin and Mesoudi, Alex and Lycett, Stephen J",
	file = "Schillinger\_etal\_JAS\_2016.pdf:/home/mcoto/.zotero/zotero/esedysa1.default/zotero/storage/F69XQ9RD/Schillinger\_etal\_JAS\_2016.pdf:application/pdf",
	journal = "Journal of Archaeological Science",
	pages = "23--34",
	title = "{Copying error, evolution, and phylogenetic signal in artifactual traditions: {An} experimental approach using ``model artifacts''}",
	volume = "70",
	year = "2016"
}

@article{doran_systems_1970,
	author = "Doran, James",
	file = "Doran - 1970 - Systems theory, computer simulations and archaeolo.pdf:/home/mcoto/.zotero/zotero/esedysa1.default/zotero/storage/DKRB4YXK/Doran - 1970 - Systems theory, computer simulations and archaeolo.pdf:application/pdf",
	journal = "World archaeology",
	number = "3",
	pages = "289--298",
	title = "{Systems theory, computer simulations and archaeology}",
	volume = "1",
	year = "1970"
}

@article{schillinger_differences_2016,
	author = "Schillinger, Kerstin and Mesoudi, Alex and Lycett, Stephen J",
	doi = "10.1007/s10816-016-9280-4",
	file = "schillinger2016.pdf:/home/mcoto/.zotero/zotero/esedysa1.default/zotero/storage/7BMISMBZ/schillinger2016.pdf:application/pdf",
	journal = "Journal of Archaeological Method and Theory",
	number = "2",
	pages = "640--658",
	title = "{Differences in {Manufacturing} {Traditions} and {Assemblage}-{Level} {Patterns}: the {Origins} of {Cultural} {Differences} in {Archaeological} {Data}}",
	volume = "24",
	year = "2016"
}

@article{mesoudi_cultural_2015,
	author = "Mesoudi, Alex",
	doi = "10.1007/s11692-015-9320-0",
	file = "Mesoudi\_EvolBiol\_2015.pdf:/home/mcoto/.zotero/zotero/esedysa1.default/zotero/storage/EE88HUK3/Mesoudi\_EvolBiol\_2015.pdf:application/pdf",
	issn = "0071-3260, 1934-2845",
	journal = "Evolutionary Biology",
	language = "en",
	number = "4",
	pages = "481--497",
	publisher = "Springer",
	shorttitle = "Cultural {Evolution}",
	title = "{Cultural Evolution: A Review of Theory, Findings and Controversies}",
	url = "http://link.springer.com/10.1007/s11692-015-9320-0",
	urldate = "2015-05-06",
	volume = "43",
	year = "2015"
}

@book{Testaccio1,
	editor = "{Bl{\'a}zquez Mart{\'i}nez}, J.M. and {Remesal Rodr{\'i}guez}, J.",
	publisher = "Col .lecci{\'o} Instrumenta. Universitat de Barcelona",
	title = "{Estudios del Monte Testaccio (Roma) I}",
	volume = "6",
	year = "1999"
}

@book{Testaccio4,
	editor = "{Bl{\'a}zquez Mart{\'i}nez}, J.M. and {Remesal Rodr{\'i}guez}, J.",
	publisher = "Col .lecci{\'o} Instrumenta. Universitat de Barcelona",
	title = "{Estudios del Monte Testaccio (Roma) IV}",
	volume = "24",
	year = "2007"
}

@book{Testaccio6,
	editor = "{Bl{\'a}zquez Mart{\'i}nez}, J.M. and {Remesal Rodr{\'i}guez}, J.",
	publisher = "Col .lecci{\'o} Instrumenta. Universitat de Barcelona",
	title = "{Estudios del Monte Testaccio (Roma) VI}",
	volume = "47",
	year = "2014"
}

@book{Testaccio5,
	editor = "{Bl{\'a}zquez Mart{\'i}nez}, J.M. and {Remesal Rodr{\'i}guez}, J.",
	publisher = "Col .lecci{\'o} Instrumenta. Universitat de Barcelona",
	title = "{Estudios del Monte Testaccio (Roma) V}",
	volume = "35",
	year = "2010"
}

@article{lycett_cultural_2015,
	author = "Lycett, Stephen J.",
	doi = "10.1016/j.jas.2015.01.004",
	file = "Lycett - 2015 - Cultural evolutionary approaches to artifact varia.pdf:/home/mcoto/.zotero/zotero/esedysa1.default/zotero/storage/A2TSCEAN/Lycett - 2015 - Cultural evolutionary approaches to artifact varia.pdf:application/pdf",
	issn = "03054403",
	journal = "Journal of Archaeological Science",
	language = "en",
	month = jan,
	pages = "21--31",
	shorttitle = "Cultural evolutionary approaches to artifact variation over time and space",
	title = "{Cultural evolutionary approaches to artifact variation over time and space: {Basis}, progress, and prospects}",
	url = "http://linkinghub.elsevier.com/retrieve/pii/S0305440315000072",
	urldate = "2015-01-25",
	volume = "56",
	year = "2015"
}

@article{de_voogt_cultural_2013,
	author = "de Voogt, Alex and Dunn-Vaturi, Anne-Elizabeth and Eerkens, Jelmer W",
	file = "de Voogt 2013 - JAS - Final Print Version.pdf:/home/mcoto/.zotero/zotero/esedysa1.default/zotero/storage/V6TN74S5/de Voogt 2013 - JAS - Final Print Version.pdf:application/pdf",
	journal = "Journal of Archaeological Science",
	number = "4",
	pages = "1715--1730",
	title = "{Cultural transmission in the ancient {Near} {East}: twenty squares and fifty-eight holes}",
	volume = "40",
	year = "2013"
}

@article{neiman_stylistic_1995,
	author = "Neiman, Fraser D",
	file = "10.2307@282074(1).pdf:/home/mcoto/.zotero/zotero/esedysa1.default/zotero/storage/4BCGA5ZW/10.2307@282074(1).pdf:application/pdf",
	journal = "American Antiquity",
	number = "1",
	pages = "7--36",
	title = "{Stylistic variation in evolutionary perspective: inferences from decorative diversity and interassemblage distance in {Illinois} {Woodland} ceramic assemblages}",
	volume = "60",
	year = "1995"
}

@article{dresselboletini_1879,
	annote = "Aqu{\'i} se puede descargar https://digi.ub.uni-heidelberg.de/diglit/bcom1879/0001/image",
	author = "Dressel, H.",
	journal = "Bulletino dellla Commisione Archeologica di Roma",
	pages = "36--112",
	series = "{3}",
	title = "{Di un grande deposito di anfore rinvenuto nel nuovo quartiere del {Castro} {Pretorio} (con tavole litografiche).}",
	volume = "1",
	year = "1879"
}

@incollection{obrien_variation_1990,
	author = "O'Brien, Michael and Holland, Thomas D.",
	booktitle = "{Archaeological {Method} and {Theory}}",
	edition = "Archaeological Method and Theory",
	file = "O'Brien and Holland - Variation, selection and the archaeological record.pdf:/home/mcoto/.zotero/zotero/esedysa1.default/zotero/storage/WKNN6CJZ/O'Brien and Holland - Variation, selection and the archaeological record.pdf:application/pdf",
	pages = "31--79",
	publisher = "University of Arizona Press",
	title = "{Variation, selection and the archaeological record}",
	volume = "2",
	year = "1990"
}

@article{hart_effects_2012,
	author = "Hart, John P",
	file = "hart2012.pdf:/home/mcoto/.zotero/zotero/esedysa1.default/zotero/storage/BMKPV9QN/hart2012.pdf:application/pdf",
	journal = "Journal of Archaeological Science",
	number = "1",
	pages = "128--134",
	title = "{The effects of geographical distances on pottery assemblage similarities: a case study from {Northern} {Iroquoia}}",
	volume = "39",
	year = "2012"
}

@article{van_strien_isolation-by-distance_2015,
	author = "{Van Strien}, Maarten J and Holderegger, Rolf and {Van Heck}, Hein J",
	file = "strien2014.pdf:/home/mcoto/.zotero/zotero/esedysa1.default/zotero/storage/S3ZSFPHS/strien2014.pdf:application/pdf",
	journal = "Heredity",
	number = "1",
	pages = "27--37",
	title = "{Isolation-by-distance in landscapes: considerations for landscape genetics}",
	volume = "114",
	year = "2015"
}

@article{bjorklund_effect_2010,
	author = "Bj{\"o}rklund, Mats and Bergek, Sara and Ranta, Esa and Kaitala, Veijo",
	file = "iso.pdf:/home/mcoto/.zotero/zotero/esedysa1.default/zotero/storage/FWXTAKNN/iso.pdf:application/pdf",
	journal = "Ecological Informatics",
	number = "3",
	pages = "167--172",
	title = "{The effect of local population dynamics on patterns of isolation by distance}",
	volume = "5",
	year = "2010"
}

@article{shennan_isolation-by-distance_2015,
	author = "Shennan, Stephen J and Crema, Enrico R and Kerig, Tim",
	file = "coreandpackage.pdf:/home/mcoto/.zotero/zotero/esedysa1.default/zotero/storage/DC4P59FZ/coreandpackage.pdf:application/pdf",
	journal = "Evolution and Human Behavior",
	number = "2",
	pages = "103--109",
	title = "{Isolation-by-distance, homophily, and ``core'' vs.``package'' cultural evolution models in {Neolithic} {Europe}}",
	volume = "36",
	year = "2015"
}

@article{horacio2010llegada,
	author = "{Gonz{\'a}lez Cesteros}, Horacio",
	journal = "CuPAUAM",
	pages = "107--129",
	title = "{La llegada de {\'A}nforas Hispanas a Germania durante los {\'u}ltimos siglos de la dominaci{\'o}n romana. Una cuesti{\'o}n para el futuro.}",
	volume = "36",
	year = "2010"
}

@book{funari_corpus_1996,
	annote = "Link http://ceipac.ub.edu/biblio/Data/L/0059.pdf",
	author = "Funari, Pedro Paulo A",
	publisher = "BAR",
	title = "{Dressel 20 inscriptions from {Britain} and the consumption of {Spanish} olive oil}",
	volume = "250",
	year = "1996"
}

@incollection{moros_intervencion_2014,
	address = "Barcelona",
	author = "Moros, Juan",
	booktitle = "{Estudios sobre el monte {Testaccio}: {Roma}: {VI}}",
	file = "moros.pdf:/home/mcotsar/Zotero/storage/JIJ9CD95/moros.pdf:application/pdf",
	pages = "773--860",
	publisher = "Col .lecci{\'o} Instrumenta. Universitat de Barcelona",
	title = "{La intervenci{\'o}n severiana en la producci{\'o}n del aceite b{\'e}tico.}",
	volume = "VI",
	year = "2014"
}

@article{henrich_evolution_2003,
	author = "Henrich, Joseph and McElreath, Richard",
	doi = "10.1002/evan.10110",
	file = "Henrich and McElreath - 2003 - The evolution of cultural evolution.pdf:/home/mcoto/.zotero/zotero/esedysa1.default/zotero/storage/C37G542T/Henrich and McElreath - 2003 - The evolution of cultural evolution.pdf:application/pdf",
	issn = "10601538",
	journal = "Evolutionary Anthropology: Issues, News, and Reviews",
	language = "en",
	month = may,
	number = "3",
	pages = "123--135",
	title = "{The evolution of cultural evolution}",
	url = "http://doi.wiley.com/10.1002/evan.10110",
	urldate = "2014-09-15",
	volume = "12",
	year = "2003"
}

@incollection{lipo_carl_p._neutrality_????,
	author = "{Lipo, Carl P.} and {Madsen, Mark}",
	booktitle = "{Style and {Function}: conceptual issues in evolutionary archaeology}",
	file = "LipoAndMadsen-2001-NeutralityStyle.pdf:/home/mcoto/.zotero/zotero/esedysa1.default/zotero/storage/MFEEW3XJ/LipoAndMadsen-2001-NeutralityStyle.pdf:application/pdf",
	pages = "91--118",
	publisher = "Bergin and Garvey",
	title = {{Neutrality, "{Style}", and {Drift}: {Building} {Methods} for {Studying} {Cultural} {Transmission} in the {Archaeological} {Record}}},
	year = "2001"
}

@article{eerkens_cultural_2008,
	author = "Eerkens, Jelmer W and Bettinger, Robert L",
	file = "CT2008.pdf:/home/mcoto/.zotero/zotero/esedysa1.default/zotero/storage/HMTM528K/CT2008.pdf:application/pdf",
	journal = "Transmission and Archaeology: Issues and Case-Studies",
	pages = "21--38",
	title = "{Cultural transmission and the analysis of stylistic and functional variation}",
	year = "2008"
}

@article{bettinger_evolutionary_1997,
	author = "Bettinger, Robert L and Eerkens, Jeltner",
	file = "bettinger2008.pdf:/home/mcoto/.zotero/zotero/esedysa1.default/zotero/storage/N4B2NKQ3/bettinger2008.pdf:application/pdf",
	journal = "Archeological Papers of the American Anthropological Association",
	number = "1",
	pages = "177--191",
	title = "{Evolutionary implications of metrical variation in {Great} {Basin} projectile points}",
	volume = "7",
	year = "1997"
}

@article{eerkens_jelmer_cultural_2005,
	author = "Eerkens, J. and Lipo, C.P.",
	file = "EerkensAndLipo-2005-CulturalTransmission.pdf:/home/mcoto/.zotero/zotero/esedysa1.default/zotero/storage/KNZ33VSE/EerkensAndLipo-2005-CulturalTransmission.pdf:application/pdf",
	journal = "Journal of Anthropological Archaeology",
	pages = "316--334",
	title = "{Cultural transmission, copying errors, and the generation of variation in material culture and the archaeological record}",
	volume = "24",
	year = "2005"
}

@article{henrich_cultural_2001,
	author = "Henrich, Joseph",
	file = "10.2307@684125.pdf:/home/mcoto/.zotero/zotero/esedysa1.default/zotero/storage/AV84BZDJ/10.2307@684125.pdf:application/pdf",
	journal = "American Anthropologist",
	number = "4",
	pages = "992--1013",
	title = "{Cultural transmission and the diffusion of innovations: {Adoption} dynamics indicate that biased cultural transmission is the predominate force in behavioral change}",
	volume = "103",
	year = "2001"
}

@article{hernandez_hernandez_evolucion_1992,
	author = "{Hern{\'a}ndez}, Francisca",
	journal = "Revista general de informaci{\'o}n y documentaci{\'o}n",
	number = "1",
	pages = "85--85",
	title = "{Evoluci{\'o}n del concepto de museo}",
	volume = "2",
	year = "1992"
}

@article{lyman_measuring_2000,
	author = "Lyman, R Lee and O'Brien, Michael J",
	file = "Measuring.pdf:/home/mcoto/.zotero/zotero/esedysa1.default/zotero/storage/M2WEATE3/Measuring.pdf:application/pdf",
	journal = "Journal of Anthropological Archaeology",
	number = "1",
	pages = "39--74",
	title = "{Measuring and explaining change in artifact variation with clade-diversity diagrams}",
	volume = "19",
	year = "2000"
}

@article{_now_2015,
	abstract = "Patent records reveal that the way inventions are made has changed over the years",
	file = "The Economist Snapshot:/home/mcoto/.zotero/zotero/esedysa1.default/zotero/storage/WB5BJEP6/21649448-patent-records-reveal-way-inventions-are-made-has-changed-over.html:text/html",
	issn = "0013-0613",
	journal = "The Economist",
	month = apr,
	title = "{Now and then}",
	url = "http://www.economist.com/news/science-and-technology/21649448-patent-records-reveal-way-inventions-are-made-has-changed-over?fsrc=scn/tw/te/pe/ed/nowandthen",
	urldate = "2016-08-29",
	year = "2015"
}

@article{eerkens_techniques_2001,
	author = "Eerkens, Jelmer W and Bettinger, Robert L",
	file = "AA2001.pdf:/home/mcoto/.zotero/zotero/esedysa1.default/zotero/storage/85ZDMCAQ/AA2001.pdf:application/pdf",
	journal = "American Antiquity",
	pages = "493--504",
	title = "{Techniques for assessing standardization in artifact assemblages: {Can} we scale material variability?}",
	year = "2001"
}

@article{li_crossbows_2014,
	author = "Li, Xiuzhen Janice and Bevan, Andrew and Martin{\'o}n-Torres, Marcos and Rehren, Thilo and Cao, Wei and Xia, Yin and Zhao, Kun",
	file = "XL Crossbow and imperial craft organisation.pdf:/home/mcoto/.zotero/zotero/esedysa1.default/zotero/storage/VSF4W885/XL Crossbow and imperial craft organisation.pdf:application/pdf",
	journal = "Antiquity",
	number = "339",
	pages = "126--140",
	title = "{Crossbows and imperial craft organisation: the bronze triggers of {China}'s {Terracotta} {Army}}",
	volume = "88",
	year = "2014"
}

@article{rodriguez_economioleicola_1977,
	author = "Remesal, Jos{\'e}",
	file = "0599(1).pdf:/home/mcoto/.zotero/zotero/esedysa1.default/zotero/storage/FRXTGR44/0599(1).pdf:application/pdf",
	journal = "Archivo Espa{\~n}ol de Arqueolog{\'i}a",
	number = "135",
	pages = "87--144",
	title = "{La econom{\'i}a ole{\'i}cola b{\'e}tica: nuevas formas de an{\'a}lisis}",
	volume = "50",
	year = "1977-1978"
}

@article{rodriguez_baetican_1998,
	author = "{Remesal}, J.",
	journal = "Journal of Roman Archaeology - Suppl. series",
	pages = "183--200",
	title = "{Baetican olive oil and the {Roman} economy}",
	volume = "29",
	year = "1998"
}

@article{i_martin_alisis_1998,
	author = "Aguilera, Antonio",
	file = "0187.pdf:/home/mcoto/.zotero/zotero/esedysa1.default/zotero/storage/9XJWZQJ9/0187.pdf:application/pdf",
	journal = "Pyrenae",
	pages = "117--134",
	title = "{An{\'a}lisis multivariable: una nueva v{\'i}a para la caracterizaci{\'o}n cer{\'a}mica}",
	volume = "29",
	year = "1998"
}

@article{temin_market_2001,
	author = "Temin, Peter",
	file = "Temin - 2001 - A market economy in the early Roman Empire.pdf:/home/mcoto/.zotero/zotero/esedysa1.default/zotero/storage/FG2DJAUB/Temin - 2001 - A market economy in the early Roman Empire.pdf:application/pdf",
	journal = "Journal of Roman studies",
	pages = "169--181",
	title = "{A market economy in the early {Roman} {Empire}}",
	urldate = "2015-03-25",
	volume = "91",
	year = "2001"
}

@article{temin_economy_2006,
	author = "Temin, Peter",
	file = "Temin - 2006 - The economy of the early Roman Empire.pdf:/home/mcoto/.zotero/zotero/esedysa1.default/zotero/storage/S7QWJ64V/Temin - 2006 - The economy of the early Roman Empire.pdf:application/pdf",
	journal = "The Journal of Economic Perspectives",
	number = "1",
	pages = "133--151",
	title = "{The economy of the early {Roman} {Empire}}",
	url = "http://www.jstor.org/stable/30033637",
	urldate = "2015-03-16",
	volume = "20",
	year = "2006"
}

@article{kessler_organization_2007,
	author = "Kessler, David and Temin, Peter",
	doi = "10.1111/j.1468-0289.2006.00360.x",
	file = "Kessler and Temin - 2007 - The organization of the grain trade in the early R.pdf:/home/mcoto/.zotero/zotero/esedysa1.default/zotero/storage/GGI86M27/Kessler and Temin - 2007 - The organization of the grain trade in the early R.pdf:application/pdf",
	issn = "0013-0117, 1468-0289",
	journal = "The Economic History Review",
	language = "en",
	month = may,
	number = "2",
	pages = "313--332",
	title = "{The organization of the grain trade in the early {Roman} {Empire}}",
	url = "http://doi.wiley.com/10.1111/j.1468-0289.2006.00360.x",
	urldate = "2015-06-10",
	volume = "60",
	year = "2007"
}

@inproceedings{_atelier_2014,
	author = "Maun{\'e}, St{\'e}phane and {Garc{\'i}a Vargas}, Enrique and Bourgeon, Oriane and Corbeel, S{\'e}verine and Carrato, Charlotte and {Garc{\'i}a Dils}, Sergio and Bigot, Fabrice and {V{\'a}zquez Paz}, Jacobo",
	booktitle = "{SFECAG, Actes du Congr{\'e}s de Chartres}",
	file = "Latelier\_damphores\_a\_huile\_Dr.\_20\_de\_Las.pdf:/home/mcoto/.zotero/zotero/esedysa1.default/zotero/storage/7IC6ZSH4/Latelier\_damphores\_a\_huile\_Dr.\_20\_de\_Las.pdf:application/pdf",
	pages = "419--444",
	title = "{L'atelier d'amphores {\`a} huile {Dr}. 20 de {Las} {Delicias} {\`a} {\'E}cija (prov. de {S{\'e}ville}, {Espagne})}",
	year = "2014"
}

@incollection{fernandez_excavacion_2001,
	author = "{S{\'a}ez Fern{\'a}ndez}, Pedro and {Tinoco Mu{\~n}oz}, Jes{\'u}s and {Garc{\'i}a Vargas}, Enrique and {Garc{\'i}a-Dils de la Vega}, Sergio",
	booktitle = "{Anuario arqueol{\'o}gico de {Andaluc{\'i}a} 1997}",
	file = "Excavacion\_Arqueologica\_de\_Urgencia\_en\_e.pdf:/home/mcoto/.zotero/zotero/esedysa1.default/zotero/storage/T842MGFM/Excavacion\_Arqueologica\_de\_Urgencia\_en\_e.pdf:application/pdf",
	pages = "562--575",
	publisher = "Junta de Andaluc{\'i}a",
	title = "{{Excavaci{\'o}n} {arqueol{\'o}gica} {de} {urgencia} {en} {el} {alfar} {romano} {de} {las} {Delicias} ({\'e}{cija}, {Sevilla}) 1997.}",
	year = "2001"
}

@book{richerson2005not,
	author = "Richerson, Peter J and Boyd, Robert",
	publisher = "Chicago: University of Chicago Press",
	title = "{Not by genes alone. How culture transformed Human Evolution}",
	year = "2005"
}

@article{neff1992ceramics,
	author = "Neff, Hector",
	journal = "Archaeological Method and Theory",
	pages = "141--193",
	publisher = "JSTOR",
	title = "{Ceramics and evolution}",
	volume = "4",
	year = "1992"
}

@article{mesoudi_cultural_2008,
	author = "Mesoudi, Alex and O'Brien, Michael J",
	journal = "American Antiquity",
	number = "4",
	pages = "627--644",
	publisher = "JSTOR",
	title = "{The cultural transmission of Great Basin projectile-point technology II: an agent-based computer simulation}",
	volume = "73",
	year = "2008"
}

@incollection{bowser_learning_2008,
	author = "Bowser, Brenda J and Patton, John Q",
	booktitle = "{Cultural transmission and material culture: {Breaking} down boundaries}",
	pages = "105--129",
	publisher = "The University of Arizona Press",
	title = "{Learning and {Transmission} of {Pottery} {Style}. {Women}'s {Life} {Histories} and {Communities} of {Practice} in the {Ecuadorian} {Amazon}}",
	year = "2008"
}

@book{basalla1988evolution,
	author = "Basalla, George",
	publisher = "Cambridge University Press",
	title = "{The evolution of technology}",
	year = "1988"
}

@incollection{diaz_trujillo_excavacion_1992,
	author = "{D{\'i}az Trujillo}, Onelia",
	booktitle = "{Anuario Arqueol{\'o}gico de Andaluc{\'i}a}",
	file = "CerrodeBelen.pdf:/home/mcoto/.zotero/zotero/esedysa1.default/zotero/storage/C5VP3VZ6/CerrodeBelen.pdf:application/pdf",
	pages = "121--129",
	publisher = "Junta de Andaluc{\'i}a",
	title = "{Excavaci{\'o}n arqueol{\'o}gica de urgencia en el {Cerro} de {Bel{\'e}n}: {Palma} del {R{\'i}o}, {C{\'o}rdoba}}",
	year = "1992"
}

@article{garcia_vargas_anforas_2000,
	author = "{Garc{\'i}a Vargas}, Enrique",
	journal = "Habis",
	pages = "235--260",
	title = "{{\'A}nforas romanas producidas en {Hispalis}: primeras evidencias arqueol{\'o}gicas}",
	volume = "31",
	year = "2000"
}

@book{jolliffe_principal_2002,
	author = "Jolliffe, Ian",
	file = "Jolliffe I. Principal Component Analysis (2ed., Springer, 2002)(518s)\_MVsa\_.pdf:/home/mcoto/.zotero/zotero/esedysa1.default/zotero/storage/67ITHJF2/Jolliffe I. Principal Component Analysis (2ed., Springer, 2002)(518s)\_MVsa\_.pdf:application/pdf",
	publisher = "Wiley Online Library",
	title = "{Principal component analysis}",
	year = "2002"
}

@book{shennan_quantifying_1997,
	author = "Shennan, Stephen",
	publisher = "Edinburgh University Press",
	title = "{Quantifying archaeology}",
	year = "2008"
}

@book{martin-kilcher_romischen_1994,
	author = "Martin-Kilcher, Stefanie",
	publisher = "Forschungen in Augst",
	title = "{Die r{\"o}mischen Amphoren aus Augst und Kaiseraugst. Ein Beitrag zur r{\"o}mischen Handels- und Kulturgeschichte, 1. Die s{\"u}dspanischen {\"O}lamphoren (Gruppe 1)}",
	volume = "7/1",
	year = "1987"
}

@article{monfort_britanniaen_1998,
	author = "{Carreras Monfort}, C{\'e}sar",
	file = "Britannia\_and\_the\_imports\_of\_Baetican\_an.pdf:/home/mcoto/.zotero/zotero/esedysa1.default/zotero/storage/XIV9AVNU/Britannia\_and\_the\_imports\_of\_Baetican\_an.pdf:application/pdf",
	journal = "Journal of Iberian Archaeology",
	pages = "159--172",
	title = "{Britannia and the imports of {Baetican} and {Lusitanian} amphorae}",
	volume = "1",
	year = "1998"
}

@unpublished{garcia_vargas_enrique_excavacion_????,
	address = "Madrid",
	author = "{Garc{\'i}a Vargas}, Enrique and {Morena}, Jos{\'e} Antonio",
	file = "Villaseca-1.pdf:/home/mcoto/.zotero/zotero/esedysa1.default/zotero/storage/K59QTTTM/Villaseca-1.pdf:application/pdf",
	note = "unpublished",
	publisher = "Casa de Velazquez",
	title = "{La excavaci{\'o}n del alfar de {\'a}nforas {Dr}. 20 de {Villaseca} ({C{\'o}rdoba})}",
	year = "fourthcoming"
}

@incollection{garcia_vargas_enrique_formal_2010,
	address = "Oxford, England",
	author = "{Garc{\'i}a Vargas}, Enrique",
	booktitle = "{The {Western} {Roman} {Atlantic} {Fa\c{c}ade}: {A} study of the economy and trade in the {Mar} {Exterior} from the {Republic} to the {Principate}}",
	edition = "Archaeopress",
	file = "vargas\_LR.pdf:/home/mcoto/.zotero/zotero/esedysa1.default/zotero/storage/TI2XQII6/vargas\_LR.pdf:application/pdf",
	language = "english",
	pages = "55--66",
	publisher = "BAR International Series",
	title = "{Formal {Romanisation} and the {Atlantic} {Projection} of {Amphorae} from the {Guadalquivir} {Valley}}",
	volume = "2162",
	year = "2010"
}

@article{arnold_does_2000,
	author = "Arnold, Dean E",
	file = "doesstandarization.pdf:/home/mcoto/.zotero/zotero/esedysa1.default/zotero/storage/PMRWV4XI/doesstandarization.pdf:application/pdf",
	journal = "Journal of archaeological method and theory",
	number = "4",
	pages = "333--375",
	title = "{Does the standardization of ceramic pastes really mean specialization?}",
	volume = "7",
	year = "2000"
}

@book{millet_anforas_1998,
	author = "Berni, Piero",
	location = "Barcelona",
	publisher = "Col .lecci{\'o} Instrumenta. Universitat de Barcelona",
	title = "{Las {\'a}nforas de aceite de la {B{\'e}tica} y su presencia en la {Catalu{\~n}a} romana}",
	volume = "4",
	year = "1998"
}

@article{chic2005comercio,
	author = "Chic, Genaro",
	journal = "Habis",
	pages = "313--332",
	publisher = "Universidad de Sevilla",
	title = "{El comercio de la B{\'e}tica altoimperial}",
	volume = "36",
	year = "2005"
}

@article{charlton_investigating_2012,
	author = "Charlton, Michael F and Blakelock, Eleanor and Martin{\'o}n-Torres, Marcos and Young, Tim",
	file = "1-s2.0-S0305440312001021-main.pdf:/home/mcoto/.zotero/zotero/esedysa1.default/zotero/storage/THF6AH2K/1-s2.0-S0305440312001021-main.pdf:application/pdf",
	journal = "Journal of Archaeological Science",
	number = "7",
	pages = "2280--2293",
	title = "{Investigating the production provenance of iron artifacts with multivariate methods}",
	volume = "39",
	year = "2012"
}

@article{shennan_ceramic_2001,
	abstract = {Following on the work of Dunnell, the evolutionary archaeology school has made a sharp distinction between functional and stylistic variation in archaeological artifacts. Variation is defined as functional if it is affected by selection processes and as stylistic if it is a result of processes of random drift. The argument has been further developed by Neiman (1995), who showed by simulation that processes of cultural mutation and drift could produce the kinds of "battleship curves" that generally characterize artifact-style frequency distributions through time, and also demonstrated that they could account for patterns of stylistic variation through time in Woodland-period ceramic assemblages from Illinois. In this paper we present a case study of change in the decoration of pottery from early Neolithic Central Europe. We show that the actual diachronic frequency distributions and those expected under the neutral model do not coincide and conclude that in this case the neutral model does not provide an adequate description of change in ceramic decoration. A model involving selection, in the form of a bias in favor of novelty in the later phases of the period studied, seems likely to be more appropriate, and we note the social interpretation of the original investigator of the data. In conclusion, it is suggested that neutral models provide an important heuristic tool but that there is not a radical break between functional and stylistic variation.},
	author = "Shennan, S. J. and Wilkinson, J. R.",
	copyright = "Copyright Â© 2001 Society for American Archaeology",
	issn = "00027316",
	journal = "American Antiquity",
	language = "English",
	number = "4",
	pages = "577--593",
	title = "{Ceramic {Style} {Change} and {Neutral} {Evolution}: {A} {Case} {Study} from {Neolithic} {Europe}}",
	url = "http://www.jstor.org/stable/2694174",
	volume = "66",
	year = "2001"
}

@article{gandon_copying_2014,
	author = "Gandon, Enora and Roux, Valentine and Coyle, Thelma",
	file = "Gandon Roux Coyle 2014 JAA.pdf:/home/mcoto/.zotero/zotero/esedysa1.default/zotero/storage/FEJN73Q8/Gandon Roux Coyle 2014 JAA.pdf:application/pdf",
	journal = "Journal of Anthropological Archaeology",
	pages = "99--107",
	title = "{Copying errors of potters from three cultures: predictable directions for a so-called random phenomenon}",
	volume = "33",
	year = "2014"
}

@article{salisbury_interpolating_2013,
	author = "Salisbury, Roderick",
	file = "salisbury2013.pdf:/home/mcoto/.zotero/zotero/esedysa1.default/zotero/storage/MIH927XU/salisbury2013.pdf:application/pdf",
	journal = "Journal of Archaeological Science",
	number = "2",
	pages = "926--934",
	title = "{Interpolating geochemical patterning of activity zones at {Late} {Neolithic} and {Early} {Copper} {Age} settlements in eastern {Hungary}}",
	volume = "40",
	year = "2013"
}

@article{thorpe_distribution_1984,
	author = "Thorpe, Olwen Williams and Warren, Stanley E and Nandris, JG",
	file = "thorpe1984.pdf:/home/mcoto/.zotero/zotero/esedysa1.default/zotero/storage/XWC96SF6/thorpe1984.pdf:application/pdf",
	journal = "Journal of Archaeological Science",
	number = "3",
	pages = "183--212",
	title = "{The distribution and provenance of archaeological obsidian in {Central} and {Eastern} {Europe}}",
	volume = "11",
	year = "1984"
}

@article{funari_economic_2005,
	author = "Funari, P.P",
	file = "The\_economic\_history\_of\_Roman\_Britain\_th.pdf:/home/mcoto/.zotero/zotero/esedysa1.default/zotero/storage/MAWF5Z8Z/The\_economic\_history\_of\_Roman\_Britain\_th.pdf:application/pdf",
	journal = "Hist{\'o}ria e economia",
	pages = "29--46",
	title = "{The {Economic} history of {Roman} {Britain}: olive oil contribution to the debate}",
	volume = "1",
	year = "2005"
}

@book{remesal_annona_1986,
	author = "Remesal, Jos{\'e}",
	publisher = "Editorial Complutense",
	title = "{La annona militaris y la exportaci{\'o}n de aceite b{\'e}tico a {Germania}}",
	year = "1986"
}

@article{bayesian_2018,
	author = "Rubio-Campillo, Xavier and Coto-Sarmiento, Mar{\'i}a and Remesal, Jos{\'e} and {P{\'e}rez Gonz{\'a}lez}, Jordi",
	file = "antiquity.pdf:/home/mcoto/.zotero/zotero/esedysa1.default/zotero/storage/Q5S4XRGU/antiquity.pdf:application/pdf",
	journal = "Antiquity",
	number = "359",
	pages = "1241--1252",
	title = "{Bayesian analysis and free market trade within the {Roman} {Empire}}",
	volume = "91",
	year = "2017"
}

@book{cavalli-sforza_cultural_1981,
	author = "Cavalli-Sforza, Luigi Luca and Feldman, Marcus W",
	publisher = "Princeton University Press",
	title = "{Cultural transmission and evolution: a quantitative approach}",
	year = "1981"
}

@incollection{hosfield_modes_2009,
	author = "Hosfield, Robert",
	booktitle = "{Pattern and Process in Cultural Evolution. Origins of Human Behavior and Culture, 2}",
	file = "transmissioncraft.pdf:/home/mcoto/.zotero/zotero/esedysa1.default/zotero/storage/JIIZ8JD2/transmissioncraft.pdf:application/pdf",
	pages = "45--60",
	publisher = "University of California Press",
	title = "{Modes of transmission and material culture patterns in craft skills}",
	year = "2009"
}

@article{bevan_mediterranean_2014,
	author = "Bevan, Andrew",
	doi = "10.1086/677034",
	file = "Bevan14.pdf:/home/mcoto/.zotero/zotero/esedysa1.default/zotero/storage/8STN8MND/Bevan14.pdf:application/pdf",
	issn = "00113204, 15375382",
	journal = "Current Anthropology",
	language = "en",
	month = aug,
	number = "4",
	pages = "387--418",
	title = "{Mediterranean {Containerization}}",
	url = "http://www.jstor.org/stable/info/10.1086/677034",
	urldate = "2014-12-01",
	volume = "55",
	year = "2014"
}

@misc{berni_dressel_2016,
	author = "Berni, Piero and {Garc{\'i}a Vargas}, Enrique",
	publisher = "Amphorae ex Hispania. Landscapes of production and consumption",
	title = "{Dressel 20 ({Guadalquivir} {Valley})}",
	url = "http://amphorae.icac.cat/amphora/dressel-20-guadalquivir-valley",
	year = "2016"
}

@article{epstein_craft_1998,
	author = "Epstein, Stephan R",
	file = "craftepstein.pdf:/home/mcoto/.zotero/zotero/esedysa1.default/zotero/storage/63R8A5RR/craftepstein.pdf:application/pdf",
	journal = "Journal of Economic History",
	pages = "684--713",
	title = "{Craft guilds, apprenticeship, and technological change in preindustrial {Europe}}",
	volume = "58",
	year = "1998"
}

@article{shennan_evolution_2008,
	author = "Shennan, Stephen",
	doi = "10.1146/annurev.anthro.37.081407.085153",
	file = "15073.pdf:/home/mcoto/.zotero/zotero/esedysa1.default/zotero/storage/UMPIBM8G/15073.pdf:application/pdf",
	issn = "0084-6570, 1545-4290",
	journal = "Annual Review of Anthropology",
	language = "en",
	month = oct,
	number = "1",
	pages = "75--91",
	title = "{Evolution in {Archaeology}}",
	url = "http://www.annualreviews.org/doi/abs/10.1146/annurev.anthro.37.081407.085153",
	urldate = "2015-03-09",
	volume = "37",
	year = "2008"
}

@article{mantel_detection_1967,
	author = "Mantel, Nathan",
	file = "Mantel.pdf:/home/mcoto/.zotero/zotero/esedysa1.default/zotero/storage/5MBWWHPT/Mantel.pdf:application/pdf",
	journal = "Cancer Research",
	number = "2 Part 1",
	pages = "209--220",
	title = "{The detection of disease clustering and a generalized regression approach}",
	volume = "27",
	year = "1967"
}

@article{crema_culture_2014,
	author = "Crema, Enrico R and Kerig, Tim and Shennan, Stephen",
	file = "metapopulation.pdf:/home/mcoto/.zotero/zotero/esedysa1.default/zotero/storage/DIMDESV9/metapopulation.pdf:application/pdf",
	journal = "Journal of Archaeological Science",
	pages = "289--298",
	title = "{Culture, space, and metapopulation: a simulation-based study for evaluating signals of blending and branching}",
	volume = "43",
	year = "2014"
}

@article{diniz-filho_mantel_2013,
	author = "Diniz-Filho, Jos{\'e} Alexandre F and Soares, Thannya N and Lima, Jacqueline S and Dobrovolski, Ricardo and Landeiro, Victor Lemes and Telles, Mariana Pires de Campos and Rangel, Thiago F and Bini, Luis Mauricio",
	file = "Manteltest.pdf:/home/mcoto/.zotero/zotero/esedysa1.default/zotero/storage/VSA5SX38/Manteltest.pdf:application/pdf",
	journal = "Genetics and Molecular Biology",
	number = "4",
	pages = "475--485",
	title = "{Mantel test in population genetics}",
	volume = "36",
	year = "2013"
}

@incollection{berni_piero_chapter_2017,
	address = "Oxford",
	author = "Berni, Piero and Wei{\ss}-K{\"o}nig, Stephan",
	booktitle = "{Amphorae from the {Kops} {Plateau} ({Nijmegen}): trade and supply to the {Lower}-{Rhineland} from the {Augustan} period to {AD} 69/70}",
	file = "Chapter\_8.\_Amphorae-Epigraphy\_Stamps\_Gra.pdf:/home/mcoto/.zotero/zotero/esedysa1.default/zotero/storage/94ITDJIF/Chapter\_8.\_Amphorae-Epigraphy\_Stamps\_Gra.pdf:application/pdf",
	pages = "185--282, 289--343",
	publisher = "Archaeopress Archaeology",
	series = "{Archaeopress {Roman} {Archaeology}}",
	title = "{{Amphorae}-{Epigraphy}: {Stamps}, {Graffiti} and {Tituli} {Picti} from {Roman} {Nijmegen}}",
	volume = "20",
	year = "2017"
}

@article{acerbi_cultural_2006,
	author = "Acerbi, Alberto and Parisi, Domenico",
	file = "9.pdf:/home/mcotsar/Zotero/storage/849JTLP3/9.pdf:application/pdf",
	issn = "1460-7425",
	journal = "Journal of Artificial Societies and Social Simulation",
	keywords = "Artificial Life; Cultural Evolution; Cultural Transmission; Horizontal Cultural Transmission",
	number = "1",
	pages = "9",
	title = "{Cultural {Transmission} {Between} and {Within} {Generations}}",
	url = "http://jasss.soc.surrey.ac.uk/9/1/9.html",
	volume = "9",
	year = "2006"
}

@book{shennan_genes_2002,
	author = "Shennan, Stephen",
	publisher = "Thames \& Hudson",
	title = "{Genes, memes, and human history: {Darwinian} archaeology and cultural evolution}",
	year = "2002"
}

@misc{SRTM,
	author = "Jarvis, A. and Reuter, H.I and Nelson, A. and Guevara, E.",
	title = "{Hole-filled seamless SRTM data V4, International Centre for Tropical Agriculture (CIAT), available from http://srtm.csi.cgiar.org.}",
	year = "2008"
}

@article{orengo_seeds_2016,
	author = "Orengo, Hector A. and Livarda, Alexandra",
	doi = "10.1016/j.jas.2015.12.003",
	file = "1-s2.0-S0305440315003192-main.pdf:/home/mcoto/.zotero/zotero/esedysa1.default/zotero/storage/88VUTVBG/1-s2.0-S0305440315003192-main.pdf:application/pdf",
	issn = "03054403",
	journal = "Journal of Archaeological Science",
	language = "en",
	month = feb,
	pages = "21--35",
	shorttitle = "The seeds of commerce",
	title = "{The seeds of commerce: {A} network analysis-based approach to the {Romano}-{British} transport system}",
	url = "http://linkinghub.elsevier.com/retrieve/pii/S0305440315003192",
	urldate = "2016-01-25",
	volume = "66",
	year = "2016"
}

@article{brughmans_roman_2016,
	author = "Brughmans, Tom and Poblome, Jeroen",
	file = "brughmans-poblome\_2016\_antiquity(1).pdf:/home/mcoto/.zotero/zotero/esedysa1.default/zotero/storage/SM549IUG/brughmans-poblome\_2016\_antiquity(1).pdf:application/pdf",
	issn = "0003-598X, 1745-1744",
	journal = "Antiquity",
	language = "en",
	month = apr,
	number = "350",
	pages = "393--408",
	shorttitle = "Roman bazaar or market economy?",
	title = "{Roman bazaar or market economy? {Explaining} tableware distributions through computational modelling}",
	urldate = "2016-04-10",
	volume = "90",
	year = "2016"
}

@inproceedings{isaksen_network_2006,
	author = "Isaksen, Leif",
	booktitle = "{Digital discovery: exploring new frontiers in human heritage. {Proceedings} of the 34th {CAA} {Conference}, {Fargo}}",
	file = "Isaksen - 2006 - Network analysis of transport vectors in Roman Bae.pdf:/home/mcoto/.zotero/zotero/esedysa1.default/zotero/storage/TXRU4RPJ/Isaksen - 2006 - Network analysis of transport vectors in Roman Bae.pdf:application/pdf",
	pages = "76--87",
	title = "{Network analysis of transport vectors in {Roman} {Baetica}}",
	year = "2006"
}

@article{remesal_anforas_2004,
	annote = "Normalmente, un sello s{\'o}lo aparece en una figlina. Cuando aparecen en mas de una figlinae{\'e}stas suelen estar pr{\'o}ximas. En raras ocasiones aparecen en figlinae distanciadas. A veces un sello,hallado abundantemente en un lugar, aparece como ejemplar {\'u}nico en otro lugar r{\'i}o abajo, por lo quesu presencia puede que se deba a un hecho fortuito, o no. Naturalmente, los sellos hallados en uncentro urbano, proceden de diversas alfarer{\'i}as y, por tanto, no hay que considerar a {\'e}stos centrosurbanos como ``lugares de producci{\'o}n'' de un sello, como ser{\'i}a el caso de los sellos hallados enIt{\'a}lica.",
	author = "Remesal, J",
	file = "0379.pdf:/home/mcoto/.zotero/zotero/esedysa1.default/zotero/storage/J4D7GBT3/0379.pdf:application/pdf",
	journal = "J. Remesal Rodr{\'i}guez ({\'e}d.), Epigraf{\'i}a anf{\'o}rica. Proyecto Amphorae, Instrumenta",
	pages = "127--148",
	title = "{Las {\'a}nforas {Dressel} 20 y su sistema epigr{\'a}fico}",
	volume = "17",
	year = "2004"
}

@article{oksanen_vegan_2007,
	author = "Oksanen, Jari and Kindt, Roeland and Legendre, Pierre and O{\rq}Hara, Bob and Stevens, M Henry H and Oksanen, Maintainer Jari and Suggests, Mass",
	journal = "Community ecology package",
	pages = "631--637",
	title = "{The vegan package}",
	volume = "10",
	year = "2007"
}

@article{ripley_package_2013,
	author = "Ripley, Brian and Venables, Bill and Bates, Douglas M and Hornik, Kurt and Gebhardt, Albrecht and Firth, David and Ripley, Maintainer Brian",
	journal = "Cran R",
	title = "{Package {\lq}mass{\rq}}",
	year = "2013"
}

@book{remesal_concierto,
	address = "Madrid",
	author = "Remesal, Jos{\'e}",
	publisher = "Real Academia de la Historia",
	title = "{La {B{\'e}tica} en el concierto del {Imperio} {Romano}}",
	year = "2011"
}

@book{magurran_measuring_2013,
	author = "Magurran, Anne E",
	file = "Magurran - 2013 - Measuring biological diversity.pdf:/home/mcoto/.zotero/zotero/esedysa1.default/zotero/storage/9XNHWFGQ/Magurran - 2013 - Measuring biological diversity.pdf:application/pdf",
	publisher = "Blackwell Science Ltd",
	title = "{Measuring biological diversity}",
	year = "2004"
}

@book{callenderindex,
	author = "Callender, M.H",
	publisher = "Oxford University Press",
	title = "{Roman Amphorae, with Index of Stamps}",
	year = "1965"
}

@book{berni_millet_epigrafianforica_2008,
	author = "Berni, Piero",
	location = "Barcelona",
	publisher = "Col .lecci{\'o} Instrumenta. Universitat de Barcelona",
	title = "{Epigraf{\'i}a anf{\'o}rica de la {B{\'e}tica}. {Nuevas} formas de an{\'a}lisis}",
	volume = "29",
	year = "2008"
}

@article{wolda_similarity_1981,
	author = "Wolda, Henk",
	file = "Wolda - 1981 - Similarity indices, sample size and diversity.pdf:/home/mcoto/.zotero/zotero/esedysa1.default/zotero/storage/RJRKXGCH/Wolda - 1981 - Similarity indices, sample size and diversity.pdf:application/pdf",
	journal = "Oecologia",
	number = "3",
	pages = "296--302",
	title = "{Similarity indices, sample size and diversity}",
	volume = "50",
	year = "1981"
}

@article{rubio-campillo_ecology_2018,
	author = "Rubio-Campillo, Xavier and Montanier, Jean-Marc and Rull, Guillem and {Berm{\'u}dez Lorenzo}, Juan Manuel and {Moros D{\'i}az}, Juan and {P{\'e}rez Gonz{\'a}lez}, Jordi and {Remesal Rodr{\'i}guez}, Jos{\'e}",
	file = "Rubio-Campillo et al. - 2018 - The ecology of Roman trade. Reconstructing provinc.pdf:/home/mcoto/.zotero/zotero/esedysa1.default/zotero/storage/IUZ8LN97/Rubio-Campillo et al. - 2018 - The ecology of Roman trade. Reconstructing provinc.pdf:application/pdf",
	journal = "Journal of Archaeological Science",
	pages = "37--47",
	title = "{The ecology of {Roman} trade. {Reconstructing} provincial connectivity with similarity measures}",
	volume = "92",
	year = "2018"
}

@article{remesal_sellar_2016,
	author = "Remesal, Jos{\'e}",
	file = "Sellar\_para\_que.pdf:/home/mcotsar/Zotero/storage/EU6QF67U/Sellar\_para\_que.pdf:application/pdf",
	journal = "Antichit{\`a} AltoAdriatiche",
	pages = "73--90",
	title = "{Sellar, ?`para qu{\'e}? {El} sistema de comunicaci{\'o}n en los sellos de las {\'a}nforas {Dressel} 20}",
	volume = "83",
	year = "2016"
}

@article{remesal_centro_2015,
	author = "Remesal, Jos{\'e} and Aguilera, Antonio and {Garc{\'i}a S{\'a}nchez}, Manel and Mart{\'i}n-Arroyo, Daniel and {P{\'e}rez Gonz{\'a}lez}, Jordi and Revilla, V{\'i}ctor",
	journal = "Pyrenae",
	pages = "245--275",
	title = "{Centro para el {Estudio} de la {Interdependencia} {Provincial} en la {Antig{\"u}edad} {Cl{\'a}sica} ({CEIPAC})}",
	year = "2015"
}

@article{morisita_measuring_1959,
	author = "Morisita, Masaaki",
	journal = "Memoirs of the Faculty of Science, Kyushu University, ser. E (Biology)",
	pages = "215--235",
	title = "{Measuring of the dispersion of individuals and analysis of the distribution patterns}",
	volume = "2",
	year = "1959"
}

@article{mattingly_d.j._oil_1988,
	author = "Mattingly, David J.",
	file = "oil for export:/home/mcoto/.zotero/zotero/esedysa1.default/zotero/storage/SEBDMUUT/oil for export:application/pdf",
	journal = "Journal of Roman Archaeology",
	pages = "33--56",
	title = "{Oil for export? {A} comparison of {Libyan}, {Spanish} and {Tunisian} olive oil production in the {Roman} {Empire}}",
	volume = "1",
	year = "1988"
}

@article{horn_measurement_1966,
	author = "Horn, Henry S",
	file = "horn1966(1).pdf:/home/mcoto/.zotero/zotero/esedysa1.default/zotero/storage/3AC9TCK9/horn1966(1).pdf:application/pdf",
	journal = "The American Naturalist",
	number = "914",
	pages = "419--424",
	title = {{Measurement of "overlap" in comparative ecological studies}},
	volume = "100",
	year = "1966"
}

@article{ggplot2:_2016,
	author = "Wickham, H and Chang, W and {others}",
	journal = "R package version",
	number = "1",
	title = "{ggplot2: create elegant data visualisations using the grammar of graphics}",
	volume = "2",
	year = "2016"
}

@article{crema_approximate_2014,
	author = "Crema, E.R. and Edinborough, K. and Kerig, T. and Shennan, S.J.",
	doi = "10.1016/j.jas.2014.07.014",
	file = "crema.pdf:/home/mcoto/.zotero/zotero/esedysa1.default/zotero/storage/TMF6JEHP/crema.pdf:application/pdf",
	issn = "03054403",
	journal = "Journal of Archaeological Science",
	language = "en",
	month = oct,
	pages = "160--170",
	title = "{An {Approximate} {Bayesian} {Computation} approach for inferring patterns of cultural evolutionary change}",
	url = "http://linkinghub.elsevier.com/retrieve/pii/S0305440314002593",
	urldate = "2014-09-15",
	volume = "50",
	year = "2014"
}

@article{berni_millet_amphora_1996,
	author = "Berni, Piero",
	file = "berniamphorae.pdf:/home/mcoto/.zotero/zotero/esedysa1.default/zotero/storage/D4XQP8KC/berniamphorae.pdf:application/pdf",
	journal = "established by: Mauro Cristofani and Riccardo Francovich",
	pages = "751--770",
	title = "{Amphora {Epigraphy}: proposals for the study of stamp contents}",
	year = "1996"
}

@article{arva_1997,
	author = "Remesal, Jos{\'e} and Revilla, V{\'i}ctor and Berni, Piero and {Carreras Monfort}, C{\'e}sar",
	file = "165146-260218-1-PB.pdf:/home/mcoto/.zotero/zotero/esedysa1.default/zotero/storage/J9GMF7WI/165146-260218-1-PB.pdf:application/pdf",
	journal = "Pyrenae",
	number = "28",
	pages = "151--178",
	title = "{Arva: prospecciones en un centro productor de {\'a}nforas {Dressel} 20 ({Alcolea} del {R{\'i}o}, {Sevilla})}",
	volume = "28",
	year = "1997"
}

@incollection{magurran_why_1988,
	author = "Magurran, Anne E",
	booktitle = "{Ecological diversity and its measurement}",
	pages = "1--5",
	publisher = "Springer",
	title = "{Why diversity?}",
	year = "1988"
}

@inproceedings{aguilera_evolucion_2007,
	address = "Barcelona",
	author = "Aguilera, Antonio",
	booktitle = "{Acta {XII} {Congressus} {Internationalis} {Epigraphiae} {Graecae} et {Latinae}}",
	file = "Aguilera - 2007 - Evoluci{\'o}n de los tituli picti de las {\'a}nforas Dress.pdf:/home/mcoto/.zotero/zotero/esedysa1.default/zotero/storage/2XIV3RLU/Aguilera - 2007 - Evoluci{\'o}n de los tituli picti de las {\'a}nforas Dress.pdf:application/pdf",
	pages = "15--22",
	publisher = "Monografies de la Secci{\'o} Hist{\`o}rico-Arqueol{\`o}gica",
	title = "{Evoluci{\'o}n de los tituli picti de las {\'a}nforas {Dressel} 20 entre mediados del siglo {I} y mediados del siglo {III}}",
	year = "2007"
}

@inproceedings{rovira_guardiola_grafitos_2007,
	address = "Barcelona",
	author = "{Rovira Guardiola}, Rosario",
	booktitle = "{Acta {XII} {Congressus} {Internationalis} {Epigraphiae} {Graecae} et {Latinae}}",
	pages = "1255--1262",
	publisher = "Monografies de la Secci{\'o} Hist{\`o}rico-Arqueol{\`o}gica",
	title = "{Gr{\'a}fitos ante coctvram sobre {\'a}nforas {Dressel} : una propuesta de evoluci{\'o}n cronol{\'o}gica}",
	year = "2007"
}

@incollection{blazquez_exportacion_1980,
	author = "Bl{\'a}zquez, Jos{\'e} Mar{\'i}a",
	booktitle = "{Producci{\'o}n y comercio del aceite en la antig{\"u}edad. {Primer} {Congreso} {Internacional}}",
	file = "Bl{\'a}zquez and others - 1980 - La exportaci{\'o}n del aceite hispano en el Imperio ro.pdf:/home/mcoto/.zotero/zotero/esedysa1.default/zotero/storage/EWVQGQTK/Bl{\'a}zquez and others - 1980 - La exportaci{\'o}n del aceite hispano en el Imperio ro.pdf:application/pdf",
	location = "Madrid",
	pages = "19--46",
	publisher = "Universidad Complutense de Madrid",
	title = "{La exportaci{\'o}n del aceite hispano en el {Imperio} romano: estado de la cuesti{\'o}n}",
	year = "1980"
}

@article{dressel_ricerche_1878,
	author = "Dressel, H.",
	journal = "Annali dell'Instituto di Corrispondenza Archeologica",
	pages = "118--192",
	title = "{Ricerche sul {Monte} {Testaccio}}",
	volume = "50",
	year = "1878"
}

@article{cockle_pottery_1981,
	author = "Cockle, Helen",
	file = "Cockle - 1981 - Pottery manufacture in Roman Egypt a new papyrus.pdf:/home/mcoto/.zotero/zotero/esedysa1.default/zotero/storage/UKFZXS3Y/Cockle - 1981 - Pottery manufacture in Roman Egypt a new papyrus.pdf:application/pdf",
	journal = "The Journal of Roman Studies",
	pages = "87--97",
	title = "{Pottery manufacture in {Roman} {Egypt}: a new papyrus}",
	volume = "71",
	year = "1981"
}

@book{bonsor_archaeological_1931,
	author = "Bonsor, George",
	file = "bonsorhispanic.pdf:/home/mcoto/.zotero/zotero/esedysa1.default/zotero/storage/K7UMNL8C/bonsorhispanic.pdf:application/pdf",
	publisher = "by order of the trustees. The Hispanic Society of Am{\'e}rica",
	title = "{The archaeological expedition along the {Guadalquivir}: 1889-1901}",
	year = "1931"
}

@book{Chic_hispania_1997,
	address = "Sevilla",
	author = "Chic, Genaro",
	file = "Garc{\'i}a - 1997 - Historia econ{\'o}mica de la B{\'e}tica en la {\'e}poca de Aug.pdf:/home/mcoto/.zotero/zotero/esedysa1.default/zotero/storage/HD6QENKN/Garc{\'i}a - 1997 - Historia econ{\'o}mica de la B{\'e}tica en la {\'e}poca de Aug.pdf:application/pdf",
	publisher = "Padilla Libros",
	series = "{Serie Historia}",
	title = "{Historia econ{\'o}mica de la {B{\'e}tica} en la {\'e}poca de {Augusto}}",
	year = "1997"
}

@article{dopico_conventus_1986,
	author = "Dopico, Mar{\'i}a Dolores",
	file = "Dopico - 1986 - Los conventus iuridici. Origen, cronolog{\'i}a y natur.PDF:/home/mcoto/.zotero/zotero/esedysa1.default/zotero/storage/L79I52VF/Dopico - 1986 - Los conventus iuridici. Origen, cronolog{\'i}a y natur.PDF:application/pdf",
	journal = "Geri{\'o}n",
	pages = "265--283",
	title = "{Los conventus iuridici. {Origen}, cronolog{\'i}a y naturaleza hist{\'o}rica}",
	volume = "4",
	year = "1986"
}

@book{albertini_les_1923,
	address = "Paris",
	annote = "https://www.persee.fr/doc/hispa\_0007-4640\_1924\_num\_26\_3\_2187\_t1\_0282\_0000\_2",
	author = "Albertini, Eug{\`e}ne",
	publisher = "Boccard",
	title = "{Les divisions administratives de l'{Espagne} romaine}",
	year = "1923"
}

@inproceedings{caballos_betica_2011,
	address = "Madrid",
	author = "Caballos, Antonio",
	booktitle = "{Roma generadora de identidades: la experiencia hisp{\'a}nica}",
	file = "Caballos Rufino - 2011 - La B{\'e}tica como referente identificador en la docum.pdf:/home/mcoto/.zotero/zotero/esedysa1.default/zotero/storage/Q6BBXC39/Caballos Rufino - 2011 - La B{\'e}tica como referente identificador en la docum.pdf:application/pdf",
	pages = "185--207",
	publisher = "Casa de Vel{\'a}zquez",
	title = "{La {B{\'e}tica} como referente identificador en la documentaci{\'o}n epigr{\'a}fica}",
	volume = "123",
	year = "2011"
}

@article{corzo_organizacion_1980,
	author = "Corzo, R and Jim{\'e}nez, A",
	file = "Corzo and Jim{\'e}nez - 1980 - Organizaci{\'o}n territorial de la Baetica.pdf:/home/mcoto/.zotero/zotero/esedysa1.default/zotero/storage/XBS64E2X/Corzo and Jim{\'e}nez - 1980 - Organizaci{\'o}n territorial de la Baetica.pdf:application/pdf",
	journal = "Archivo Espa{\~n}ol de Arqueolog{\'i}a",
	number = "141",
	pages = "21",
	title = "{Organizaci{\'o}n territorial de la ``Baetica''}",
	volume = "53",
	year = "1980"
}

@article{remesal_rodriguez_monte_2013,
	author = "Remesal, Jos{\'e}",
	file = "0732.pdf:/home/mcoto/.zotero/zotero/esedysa1.default/zotero/storage/T22K4KNR/0732.pdf:application/pdf",
	journal = "Atti della Pontificia Accademia romana di Archeologia (Serie III). Rendiconti",
	keywords = "archaeologist; archaeology; roman empire; testaccio",
	language = "italian-spanish",
	pages = "111--128",
	title = "{El {Monte} {Testaccio}. {De} vertedero a archivo}",
	url = "http://ceipac.gh.ub.es/biblio/Data/A/0732.pdf",
	volume = "LXXXV",
	year = "2013"
}

@inproceedings{remesal_oleum_2001,
	author = "Remesal, J",
	booktitle = "{Congreso {Internacional} {Ex} {Baetica} {Amphorae}. {Conservas}, aceite y vino de la {B{\'e}tica} en el {Imperio} {Romano}. {Sevilla}-{\'E}cija}",
	file = "oleumbaetica.pdf:/home/mcoto/.zotero/zotero/esedysa1.default/zotero/storage/C5CGANF5/oleumbaetica.pdf:application/pdf",
	pages = "17--20",
	title = "{Oleum baeticum. {Consideraciones} y propuestas para su estudio}",
	year = "2001"
}

@book{peacock_amphorae_1991,
	address = "London",
	author = "Peacock, David and Williams, David Franklyn",
	publisher = "Longman",
	title = "{Amphorae and the {Roman} economy: an introductory guide}",
	year = "1991"
}

@book{estrabon._1992,
	address = "Madrid",
	annote = "Se habla de Parte 2. La turdetania (pag 49) -Estrab{\'o}n habla de la navegabilidad de embarcaciones de tama{\~n}o considerable (pag 51, libro 3) - Habla de las buenas condiciones. Esteros (53) - Buena adaptaci{\'o}n de los turdetanos a la romanizaci{\'o}n (74) CITACI{\'O}N: MEANA, M.J. y PI{\~N}EIRO, F. (1992): Estrab{\'o}n. Geograf{\'i}a. Libros III-IV. Gredos, Madrid.",
	author = "Meana, M.J. and Pi{\~n}eiro, F.",
	file = "Estrab{\'o}n - 1992 - Geograf{\'i}a (Libros III-IV).pdf:/home/mcoto/.zotero/zotero/esedysa1.default/zotero/storage/VNSHRQ2E/Estrab{\'o}n - 1992 - Geograf{\'i}a (Libros III-IV).pdf:application/pdf",
	publisher = "Gredos",
	title = "{Estrab{\'o}n. {Geograf{\'i}a} ({Libros} {III}-{IV})}",
	year = "1992"
}

@article{williams_importation_1983,
	author = "Williams, DF and Peacock, DPS",
	file = "3610.pdf:/home/mcoto/.zotero/zotero/esedysa1.default/zotero/storage/C932VFJ2/3610.pdf:application/pdf",
	journal = "Producci{\'o}n y comercio del aceite en la antig{\"u}edad",
	pages = "263--280",
	title = "{The importation of olive oil into {Iron} {Age} and {Roman} {Britain}}",
	year = "1983"
}

@article{blazquez_estructura_1967,
	author = "Bl{\'a}zquez, Jos{\'e} Mar{\'i}a",
	journal = "Hispania",
	number = "105",
	pages = "7--62",
	title = "{Estructura econ{\'o}mica de la {B{\'e}tica} al final de la {Rep{\'u}blica} romana ya comienzos del {Imperio} (a{\~n}os 72 {aC}-100 {dC})}",
	volume = "27",
	year = "1967"
}

@incollection{pecci_alisis_2010,
	address = "Barcelona",
	author = "Pecci, A and Ontiveros, M{\'A} Cau",
	booktitle = "{Estudios sobre el monte {Testaccio} ({Roma}) {V}}",
	file = "Pecci and Ontiveros - 2010 - An{\'a}lisis de residuos org{\'a}nicos en {\'a}nforas el prob.pdf:/home/mcoto/.zotero/zotero/esedysa1.default/zotero/storage/PP54PV4S/Pecci and Ontiveros - 2010 - An{\'a}lisis de residuos org{\'a}nicos en {\'a}nforas el prob.pdf:application/pdf",
	pages = "593--600",
	publisher = "Col .lecci{\'o} Instrumenta. Universitat de Barcelona",
	title = "{An{\'a}lisis de residuos org{\'a}nicos en {\'a}nforas: el problema de la resina y el aceite}",
	volume = "35",
	year = "2010"
}

@book{carreras_britannia_1998,
	address = "Barcelona",
	author = "{Carreras Monfort}, C{\'e}sar and Funari, Pedro Paulo A",
	publisher = "Col .lecci{\'o} Instrumenta. Universitat de Barcelona",
	title = "{Britannia y el {Mediterr{\'a}neo}: estudios sobre el abastecimiento de aceite b{\'e}tico y africano en {Britannia}}",
	volume = "5",
	year = "1998"
}

@article{carreras_abastecimiento_2003,
	author = "{Carreras Monfort}, C{\'e}sar and Funari, Pedro Paulo A",
	journal = "ArqueoWeb",
	title = "{El abastecimiento militar romano en {Britannia}: una perspectiva arqueol{\'o}gica}",
	volume = "5",
	year = "2003"
}

@book{remesal_annona_1997,
	author = "Remesal, Jos{\'e}",
	location = "Stuttgart",
	title = "{La {Annona} {Militaris} y la explotacion de aceite betico de {Germania}. {Madrid}, 1983. {Cf} {Heeresversorgung} un die wirtschaflichel {Beziehungen} zwischen der {Baetica} und {Gernuznia}}",
	year = "1997"
}

@incollection{romo_azanaque._2001,
	address = "{\'E}cija",
	author = "Romo, Ana and Bl{\'a}zquez, J.M.",
	booktitle = "{Congreso Internacional Ex Baetica Amphorae. Conservas, aceite y vino de la B{\'e}tica en el Imperio Romano. Sevilla-{\'E}cija}",
	pages = "405--417",
	publisher = "Grafical Sol",
	title = "{Azanaque. Evidencias arqueol{\'o}gicas de un centro de producci{\'o}n anf{\'o}rica}",
	year = "2001"
}

@incollection{bernipiel,
	author = "{Berni}, Piero",
	booktitle = "{Estudios sobre el {Monte} {Testaccio} ({Roma}). {I}.}",
	edition = "Publicacions i Edicions UB",
	file = "Berni\_Millet\_1999\_-\_La\_piel\_del\_Testaccio-libre.pdf:/home/mcoto/.zotero/zotero/esedysa1.default/zotero/storage/6U5CKUCG/Berni\_Millet\_1999\_-\_La\_piel\_del\_Testaccio-libre.pdf:application/pdf",
	keywords = "archaeologist; archaeology; roman empire",
	language = "spanish",
	location = "Barcelona",
	note = "Bl{\'a}zquez Mart{\'i}nez, J.M.; Remesal Rodr{\'i}guez, J. (Eds.)",
	pages = "205--274",
	publisher = "Col .lecci{\'o} Instrumenta. Universitat de Barcelona",
	title = "{La piel del {Testaccio}: un estudio sobre la primera prospecci{\'o}n sistem{\'a}tica de {Dressel}}",
	volume = "6",
	year = "1999"
}

@article{moros_novedades_2011,
	author = "Moros, Juan and Berni, Piero",
	file = "morosberni.pdf:/home/mcoto/.zotero/zotero/esedysa1.default/zotero/storage/DICICU2C/morosberni.pdf:application/pdf",
	journal = "Bolet{\'i}n Ex Officina Hispana",
	pages = "34--45",
	title = "{Novedades sobre epigraf{\'i}a anf{\'o}rica b{\'e}tica para la zona productora de {Adelfa} ({Carmona}, {Sevilla})}",
	volume = "3",
	year = "2011"
}

@article{remesal_annona_1990,
	author = "Remesal, Jos{\'e}",
	file = "0095.pdf:/home/mcoto/.zotero/zotero/esedysa1.default/zotero/storage/HVDBCQ4Y/0095.pdf:application/pdf",
	journal = "PACT",
	language = "spanish",
	pages = "355--367",
	title = "{El sistema annonario como base de la evoluci{\'o}n econ{\'o}mica del {Imperio} romano}",
	volume = "27",
	year = "1990"
}

@book{mesoudi_cultural_2011,
	author = "Mesoudi, Alex",
	publisher = "University of Chicago Press",
	title = "{Cultural evolution: {How} {Darwinian} theory can explain human culture and synthesize the social sciences}",
	year = "2011"
}

@article{obrien_cladistics_2001,
	author = "O'Brien, Michael J. and Darwent, John and Lyman, R.Lee",
	doi = "10.1006/jasc.2001.0681",
	file = "O'Brien et al. - 2001 - Cladistics Is Useful for Reconstructing Archaeolog.pdf:/home/mcoto/.zotero/zotero/esedysa1.default/zotero/storage/2SEY4D5D/O'Brien et al. - 2001 - Cladistics Is Useful for Reconstructing Archaeolog.pdf:application/pdf",
	journal = "Journal of Archaeological Science",
	language = "en",
	number = "10",
	pages = "1115--1136",
	title = "{Cladistics {Is} {Useful} for {Reconstructing} {Archaeological} {Phylogenies}: {Palaeoindian} {Points} from the {Southeastern} {United} {States}}",
	urldate = "2018-08-30",
	volume = "28",
	year = "2001"
}

@article{garcia_rivero_arqueologievolutiva_2012,
	author = "{Garc{\'i}a Rivero}, Daniel",
	file = "Garc{\'i}a Rivero - 2012 - Arqueolog{\'i}a evolutiva y Filogen{\'e}tica cultural.pdf:/home/mcoto/.zotero/zotero/esedysa1.default/zotero/storage/JEL7G4AT/Garc{\'i}a Rivero - 2012 - Arqueolog{\'i}a evolutiva y Filogen{\'e}tica cultural.pdf:application/pdf",
	journal = "Complutum",
	number = "2",
	pages = "69--92",
	title = "{Arqueolog{\'i}a evolutiva y {Filogen{\'e}tica} cultural}",
	volume = "23",
	year = "2012"
}

@article{obrien_clovis_2016,
	author = "O{\rq}Brien, Michael J and Buchanan, Briggs and Eren, Metin I",
	journal = "STAR: Science \& Technology of Archaeological Research",
	number = "1",
	pages = "67--89",
	title = "{Clovis colonization of {Eastern} {North} {America}: a phylogenetic approach}",
	volume = "2",
	year = "2016"
}

@book{johnson_teoriarqueologica_2000,
	author = "Johnson, Matthew",
	publisher = "Ariel Historia",
	title = "{Teor{\'i}a arqueol{\'o}gica, {Una} introducci{\'o}n}",
	year = "2000"
}

@incollection{mesoudi_placing_2009,
	author = "Mesoudi, Alex and O{\rq}Brien, Michael J",
	booktitle = "{Pattern and process in cultural evolution}",
	pages = "21--32",
	publisher = "University of California Press",
	title = "{Placing archaeology within a unified science of cultural evolution}",
	year = "2009"
}

@book{boyd_culture_1985,
	author = "Boyd, Robert and Richerson, Peter J",
	publisher = "University of Chicago Press",
	title = "{Culture and the evolutionary process}",
	year = "1985"
}

@article{kendal_social_2018,
	author = "Kendal, Rachel L and Boogert, Neeltje J and Rendell, Luke and Laland, Kevin N and Webster, Mike and Jones, Patricia L",
	file = "Kendal et al. - 2018 - Social Learning Strategies Bridge-Building betwee.pdf:/home/mcoto/.zotero/zotero/esedysa1.default/zotero/storage/YBSPEJDL/Kendal et al. - 2018 - Social Learning Strategies Bridge-Building betwee.pdf:application/pdf",
	journal = "Trends in cognitive sciences",
	title = "{Social {Learning} {Strategies}: {Bridge}-{Building} between {Fields}}",
	year = "2018"
}

@article{garcia_rivero_phylogenetic_2014,
	author = "{Garc{\'i}a Rivero}, Daniel and O{\rq}Brien, Michael J",
	file = "journal.pone.0088296.pdf:/home/mcoto/.zotero/zotero/esedysa1.default/zotero/storage/R9D4MNIM/journal.pone.0088296.pdf:application/pdf",
	journal = "PloS one",
	number = "2",
	pages = "e88296",
	title = "{Phylogenetic analysis shows that {Neolithic} slate plaques from the southwestern {Iberian} {Peninsula} are not genealogical recording systems}",
	volume = "9",
	year = "2014"
}

@article{opie_phylogenetic_2014,
	author = "Opie, Christopher and Shultz, Susanne and Atkinson, Quentin D and Currie, Thomas and Mace, Ruth",
	file = "Phylogenetic\_reconstruction\_of\_Bantu\_kin.pdf:/home/mcoto/.zotero/zotero/esedysa1.default/zotero/storage/HDKND3NZ/Phylogenetic\_reconstruction\_of\_Bantu\_kin.pdf:application/pdf",
	journal = "Proceedings of the National Academy of Sciences",
	number = "49",
	pages = "17414--17419",
	title = "{Phylogenetic reconstruction of {Bantu} kinship challenges {Main} {Sequence} {Theory} of human social evolution}",
	volume = "111",
	year = "2014"
}

@article{tehrani_investigating_2002,
	author = "Tehrani, Jamshid and Collard, Mark",
	file = "Tehrani\_Collard\_2002.pdf:/home/mcoto/.zotero/zotero/esedysa1.default/zotero/storage/PHMCK6P7/Tehrani\_Collard\_2002.pdf:application/pdf",
	journal = "Journal of Anthropological Archaeology",
	number = "4",
	pages = "443--463",
	title = "{Investigating cultural evolution through biological phylogenetic analyses of {Turkmen} textiles}",
	volume = "21",
	year = "2002"
}

@article{temkin_phylogenetics_2007,
	author = "T{\"e}mkin, Ilya and Eldredge, Niles",
	file = "Temkin-Eldredge.pdf:/home/mcoto/.zotero/zotero/esedysa1.default/zotero/storage/IDWWX86F/Temkin-Eldredge.pdf:application/pdf",
	journal = "Current Anthropology",
	number = "1",
	pages = "146--154",
	title = "{Phylogenetics and material cultural evolution}",
	volume = "48",
	year = "2007"
}

@incollection{rubio-campillo_papel_2017,
	address = "M{\'e}xico",
	author = "Rubio-Campillo, Xavier",
	booktitle = "{Arqueolog{\'i}a computacional {Nuevos} enfoques para la documentaci{\'o}n, an{\'a}lisis y difusi{\'o}n del patrimonio cultural}",
	file = "Rubio-Campillo - 2017 - El papel de la simulaci{\'o}n en la arqueolog{\'i}a actual.pdf:/home/mcoto/.zotero/zotero/esedysa1.default/zotero/storage/G6U5TJ9I/Rubio-Campillo - 2017 - El papel de la simulaci{\'o}n en la arqueolog{\'i}a actual.pdf:application/pdf",
	publisher = "M{\'e}xico, CDMX : Secretar{\'i}a de Cultura, Instituto Nacional de Antropolog{\'i}a e Historia",
	title = "{El papel de la simulaci{\'o}n en la arqueolog{\'i}a actual}",
	year = "2017"
}

@incollection{garcia_rivero_darwinian_2016,
	author = "{Garc{\'i}a Rivero}, Daniel Garc{\'i}a",
	booktitle = "{Cultural {Phylogenetics}}",
	file = "GarciaRivero2016\_Darwinian archaeology and cultural phylogenetics(1).pdf:/home/mcotsar/Zotero/storage/QAG93YQ3/GarciaRivero2016\_Darwinian archaeology and cultural phylogenetics(1).pdf:application/pdf",
	pages = "43--72",
	publisher = "Springer",
	title = "{Darwinian archaeology and cultural phylogenetics}",
	year = "2016"
}

@article{currie_is_2010,
	author = "Currie, Thomas E and Greenhill, Simon J and Mace, Ruth",
	file = "horizontaltransmissions.pdf:/home/mcotsar/Zotero/storage/K6Z5UZAR/horizontaltransmissions.pdf:application/pdf",
	journal = "Philosophical Transactions of the Royal Society B: Biological Sciences",
	number = "1559",
	pages = "3903--3912",
	title = "{Is horizontal transmission really a problem for phylogenetic comparative methods? {A} simulation study using continuous cultural traits}",
	volume = "365",
	year = "2010"
}

@book{pitt-rivers_evolution_1906,
	author = "{Lane-Fox Pitt-Rivers}, Augustus and Myres, J.L.",
	publisher = "Clarendon Press",
	title = "{The evolution of culture: and other essays}",
	year = "1906"
}

@book{gordon_childe_evolucion_1984,
	address = "Madrid",
	author = "{Gordon Childe}, Vera",
	publisher = "Alianza Editorial",
	title = "{La evoluci{\'o}n social}",
	year = "1984"
}

@book{hernandez_manual_1994,
	author = "Hern{\'a}ndez, Francisca",
	publisher = "S{\'i}ntesis Madrid",
	title = "{Manual de museolog{\'i}a}",
	year = "1994"
}

@article{rodriguez-almeida_bolli_1977,
	author = "Rodr{\'i}guez-Almeida, Emilio",
	journal = "Bullettino Della Commissione Archeologica Comunale Di Roma (1981)",
	pages = "199--248",
	title = "{Bolli anforari di {Monte} {Testaccio}, II}",
	volume = "84",
	year = "1977-1978"
}

@article{rodriguez-almeida_anforas_1991,
	author = "Rodr{\'i}guez-Almeida, Emilio",
	file = "Almeida - 1991 - Anforas olearias b{\'e}ticas cuestiones varias.PDF:/home/mcoto/.zotero/zotero/esedysa1.default/zotero/storage/WHIWR4HE/Almeida - 1991 - Anforas olearias b{\'e}ticas cuestiones varias.PDF:application/pdf",
	journal = "Geri{\'o}n",
	pages = "243--260",
	title = "{Anforas olearias b{\'e}ticas: cuestiones varias}",
	volume = "3",
	year = "1991"
}

@book{barea_figlina_2008,
	author = "Barea, JS and Barea, JL and Sol{\'i}s, J and Moros, J",
	file = "figlinascalensia.pdf:/home/mcoto/.zotero/zotero/esedysa1.default/zotero/storage/XAIQ3I5W/figlinascalensia.pdf:application/pdf",
	publisher = "Col .lecci{\'o} Instrumenta. Universitat de Barcelona",
	title = "{Figlina {Scalensia}: un centro productor de {\'a}nforas {Dressel} 20 de la {B{\'e}tica}}",
	volume = "27",
	year = "2008"
}

@book{wurzer_agent-based_2015,
	address = "Cham",
	editor = "Wurzer, Gabriel and Kowarik, Kerstin and Reschreiter, Hans",
	file = "abm and modelling and simulation in archaeology.pdf:/home/mcoto/.zotero/zotero/esedysa1.default/zotero/storage/IQBGVQ9V/abm and modelling and simulation in archaeology.pdf:application/pdf",
	isbn = "978-3-319-00007-7 978-3-319-00008-4",
	publisher = "Springer International Publishing",
	series = "{Advances in {Geographic} {Information} {Science}}",
	title = "{Agent-based {Modeling} and {Simulation} in {Archaeology}}",
	url = "http://link.springer.com/10.1007/978-3-319-00008-4",
	urldate = "2015-03-17",
	year = "2015"
}

@incollection{simao_sichman_multi-agent_2003,
	author = "Drogoul, Alexis and Vanbergue, Diane and Meurisse, Thomas",
	booktitle = "{Multi-{Agent}-{Based} {Simulation} {II}}",
	editor = "{Sim{\~a}o Sichman}, Jaime and Bousquet, Fran\c{c}cois and Davidsson, Paul",
	file = "chp\%3A10.1007\%2F3-540-36483-8\_1.pdf:/home/mcoto/.zotero/zotero/esedysa1.default/zotero/storage/2CEUQZDX/chp\%3A10.1007\%2F3-540-36483-8\_1.pdf:application/pdf",
	isbn = "978-3-540-00607-7",
	language = "English",
	pages = "1--15",
	publisher = "Springer Berlin Heidelberg",
	series = "{Lecture {Notes} in {Computer} {Science}}",
	title = "{Multi-agent {Based} {Simulation}: {Where} {Are} the {Agents}?}",
	url = "http://dx.doi.org/10.1007/3-540-36483-8_1",
	volume = "2581",
	year = "2003"
}

@article{macy_factors_2002,
	author = "Macy, Michael W and Willer, Robert",
	file = "Macy and Willer - 2002 - From factors to actors Computational sociology an.pdf:/home/mcoto/.zotero/zotero/esedysa1.default/zotero/storage/ZWAH99C2/Macy and Willer - 2002 - From factors to actors Computational sociology an.pdf:application/pdf",
	journal = "Annual review of sociology",
	pages = "143--166",
	title = "{From factors to actors: {Computational} sociology and agent-based modeling}",
	year = "2002"
}

@article{macmillan_agent-based_2008,
	author = "Macmillan, W. and Huang, H.Q.",
	doi = "10.1016/j.geoforum.2007.07.011",
	file = "Macmillan and Huang - 2008 - An agent-based simulation model of a primitive agr.pdf:/home/mcoto/.zotero/zotero/esedysa1.default/zotero/storage/J494CS2U/Macmillan and Huang - 2008 - An agent-based simulation model of a primitive agr.pdf:application/pdf",
	issn = "00167185",
	journal = "Geoforum",
	language = "en",
	month = mar,
	number = "2",
	pages = "643--658",
	title = "{An agent-based simulation model of a primitive agricultural society}",
	url = "http://linkinghub.elsevier.com/retrieve/pii/S0016718507001273",
	urldate = "2014-09-15",
	volume = "39",
	year = "2008"
}

@article{lake_trends_2014,
	author = "Lake, M. W.",
	doi = "10.1007/s10816-013-9188-1",
	file = "Lake - 2014 - Trends in Archaeological Simulation.pdf:/home/mcoto/.zotero/zotero/esedysa1.default/zotero/storage/RAR8VDUT/Lake - 2014 - Trends in Archaeological Simulation.pdf:application/pdf",
	issn = "1072-5369, 1573-7764",
	journal = "Journal of Archaeological Method and Theory",
	language = "en",
	month = jun,
	number = "2",
	pages = "258--287",
	title = "{Trends in {Archaeological} {Simulation}}",
	url = "http://link.springer.com/10.1007/s10816-013-9188-1",
	urldate = "2014-09-15",
	volume = "21",
	year = "2014"
}

@article{janssen_empirically_2006,
	author = "Janssen, Marco A. and Ostrom, Elinor",
	file = "Janssen and Ostrom - 2006 - Empirically based, agent-based models.pdf:/home/mcoto/.zotero/zotero/esedysa1.default/zotero/storage/JCHF6XZ6/Janssen and Ostrom - 2006 - Empirically based, agent-based models.pdf:application/pdf",
	journal = "Ecology and Society",
	number = "2",
	pages = "37",
	title = "{Empirically based, agent-based models}",
	url = "http://www.ccpo.odu.edu/~klinck/Reprints/PDF/janssen1EcoSoc06.pdf",
	urldate = "2015-08-06",
	volume = "11",
	year = "2006"
}

@article{epstein_why_2008,
	author = "Epstein, Joshua M.",
	file = "epstein\_2008.pdf:/home/mcoto/.zotero/zotero/esedysa1.default/zotero/storage/I5J3TXQI/epstein\_2008.pdf:application/pdf",
	journal = "Journal of Artificial Societies and Social Simulation",
	number = "4",
	pages = "12",
	title = "{Why model?}",
	url = "http://jasss.soc.surrey.ac.uk/11/4/12.html",
	urldate = "2014-09-15",
	volume = "11",
	year = "2008"
}

@article{epstein_agent-based_1999,
	author = "Epstein, Joshua M",
	file = "epstein1999.pdf:/home/mcoto/.zotero/zotero/esedysa1.default/zotero/storage/TST4TUI7/epstein1999.pdf:application/pdf",
	journal = "Complexity",
	number = "5",
	pages = "41--60",
	title = "{Agent-based computational models and generative social science}",
	volume = "4",
	year = "1999"
}

@article{brughmans_mercury:_2016,
	author = "Brughmans, Tom and Poblome, Jeroen",
	file = "MERCURY\_an\_Agent-Based\_Model\_of\_Tablewar.pdf:/home/mcoto/.zotero/zotero/esedysa1.default/zotero/storage/2DEGBR4W/MERCURY\_an\_Agent-Based\_Model\_of\_Tablewar.pdf:application/pdf",
	journal = "Journal of Artificial Societies and Social Simulation",
	number = "1",
	title = "{{MERCURY}: an agent-based model of tableware trade in the {Roman} {East}}",
	volume = "19",
	year = "2016"
}

@article{kohler_modelling_2012,
	author = "Kohler, Timothy A and Bocinsky, R Kyle and Cockburn, Denton and Crabtree, Stefani A and Varien, Mark D and Kolm, Kenneth E and Smith, Schaun and Ortman, Scott G and Kobti, Ziad",
	file = "Kohler et al. - 2012 - Modelling prehispanic Pueblo societies in their ec.pdf:/home/mcoto/.zotero/zotero/esedysa1.default/zotero/storage/WPMB9XIH/Kohler et al. - 2012 - Modelling prehispanic Pueblo societies in their ec.pdf:application/pdf",
	journal = "Ecological Modelling",
	pages = "30--41",
	title = "{Modelling prehispanic {Pueblo} societies in their ecosystems}",
	volume = "241",
	year = "2012"
}

@article{rubio-campillo_simulating_2012,
	author = "Rubio-Campillo, Xavier and Cela, Jose Mar{\'i}a and Cardona, Francesc Xavier Hern{\`a}ndez",
	file = "Rubio-Campillo et al. - 2012 - Simulating archaeologists Using agent-based model.pdf:/home/mcoto/.zotero/zotero/esedysa1.default/zotero/storage/LDLST8XY/Rubio-Campillo et al. - 2012 - Simulating archaeologists Using agent-based model.pdf:application/pdf",
	journal = "Journal of Archaeological Science",
	number = "2",
	pages = "347--356",
	title = "{Simulating archaeologists? {Using} agent-based modelling to improve battlefield excavations}",
	volume = "39",
	year = "2012"
}

@article{graham_agent-based_2005,
	author = "Graham, Shawn",
	file = "Graham - 2005 - Agent-based modelling, archaeology and social orga.pdf:/home/mcoto/.zotero/zotero/esedysa1.default/zotero/storage/4286LA3A/Graham - 2005 - Agent-based modelling, archaeology and social orga.pdf:application/pdf",
	journal = "The Archaeological Computing Newsletter",
	pages = "1--6",
	title = "{Agent-based modelling, archaeology and social organisation: the robustness of {Rome}}",
	volume = "63",
	year = "2005"
}

@article{romanowska_dispersal_2017,
	author = "Romanowska, Iza and Gamble, Clive and Bullock, Seth and Sturt, Fraser",
	file = "Romanowska et al. - 2017 - Dispersal and the Movius line testing the effect .pdf:/home/mcoto/.zotero/zotero/esedysa1.default/zotero/storage/H6KHPFK5/Romanowska et al. - 2017 - Dispersal and the Movius line testing the effect .pdf:application/pdf",
	journal = "Quaternary International",
	pages = "53--63",
	title = "{Dispersal and the {Movius} line: testing the effect of dispersal on population density through simulation}",
	volume = "431",
	year = "2017"
}

@incollection{remesal_germn_2010,
	author = "Remesal, Jos{\'e}",
	booktitle = "{Viajeros, peregrinos y aventureros en el mundo antiguo}",
	file = "Remesal - 2010 - De Baetica a Germania, consideraciones sobre la ru.pdf:/home/mcoto/.zotero/zotero/esedysa1.default/zotero/storage/CN76PISX/Remesal - 2010 - De Baetica a Germania, consideraciones sobre la ru.pdf:application/pdf",
	pages = "147--160",
	publisher = "Universitat de Barcelona",
	title = "{De {Baetica} a {Germania}, consideraciones sobre la ruta y el comercio atl{\'a}ntico en el {Imperio} {Romano}}",
	year = "2010"
}

@incollection{remesal_germaniaengl_2002,
	address = "Amsterdam",
	author = "Remesal, Jos{\'e}",
	booktitle = "{The {Roman} {Army} and the {Economy}}",
	file = "Rodr{\'i}guez - Baetica and Germania. Notes on the concept of 'pro.pdf:/home/mcoto/.zotero/zotero/esedysa1.default/zotero/storage/YRRAQBB2/Rodr{\'i}guez - Baetica and Germania. Notes on the concept of 'pro.pdf:application/pdf",
	pages = "293--308",
	publisher = "J. J.C. C. Gieben",
	title = "{Baetica and {Germania}. {Notes} on the concept of ``provincial interdependence'' in the {Roman} {Empire}}",
	year = "2002"
}

@article{miton_cumulative_2018,
	author = "Miton, Helena and Charbonneau, Mathieu",
	file = "Miton and Charbonneau - 2018 - Cumulative culture in the laboratory methodologic.pdf:/home/mcoto/.zotero/zotero/esedysa1.default/zotero/storage/DX3GTCN5/Miton and Charbonneau - 2018 - Cumulative culture in the laboratory methodologic.pdf:application/pdf",
	journal = "Proc. R. Soc. B",
	number = "1879",
	pages = "20180677",
	title = "{Cumulative culture in the laboratory: methodological and theoretical challenges}",
	volume = "285",
	year = "2018"
}

@incollection{remesal_epnet_2014,
	address = "Paris, France",
	author = "Remesal, J. and D{\'i}az-Guilera, A. and Rondelli, B. and Rubio-Campillo, X. and Aguilera, A. and Mart{\'i}n-Arroyo, D. and Mosca, A. and Rull, G.",
	booktitle = "{Information {Technologies} for {Epigraphy} and {Cultural} {Heritage}: {Proceedings} of the {First} {EAGLE} {International} {Conference}}",
	file = "remesal\_2014.pdf:/home/mcoto/.zotero/zotero/esedysa1.default/zotero/storage/PXDP2P3R/remesal\_2014.pdf:application/pdf",
	pages = "455--464",
	publisher = "Sapienza Universit{\'a}",
	title = "{The {EPNet} {Project}. {Production} and distribution of food during the {Roman} {Empire}: {Economics} and {Political} {Dynamics}}",
	url = "http://www.eagle-network.eu/wp-content/uploads/2015/01/Paris-Conference-Proceedings.pdf",
	year = "2014"
}

@article{caro_saiz_simulpast:_2013,
	author = "{Caro Saiz}, Jorge and Zurro, D{\'e}bora and Rondelli, Bernardo and Balbo, Andrea and {Rubio Campillo}, Xavier and Barcel{\'o}, Joan A and {Briz i Godino}, Iv{\'a}n and Fort, Joaquim and Madella, Marco",
	journal = "Archeologia e Calcolatori",
	pages = "265--281",
	title = "{{SimulPast}: un laboratorio virtual para el an{\'a}lisis de las din{\'a}micas hist{\'o}ricas}",
	volume = "24",
	year = "2013"
}

@article{nunn_comparative_2006,
	author = "Nunn, Charles L and Mulder, Monique Borgerhoff and Langley, Sasha",
	file = "Nunn et al. - 2006 - Comparative methods for studying cultural trait ev.pdf:/home/mcoto/.zotero/zotero/esedysa1.default/zotero/storage/9ZZ8KY9P/Nunn et al. - 2006 - Comparative methods for studying cultural trait ev.pdf:application/pdf",
	journal = "Cross-Cultural Research",
	number = "2",
	pages = "177--209",
	title = "{Comparative methods for studying cultural trait evolution: {A} simulation study}",
	volume = "40",
	year = "2006"
}

@article{greenhill_does_2009,
	author = "Greenhill, Simon J and Currie, Thomas E and Gray, Russell D",
	file = "Greenhill et al. - 2009 - Does horizontal transmission invalidate cultural p.pdf:/home/mcoto/.zotero/zotero/esedysa1.default/zotero/storage/JX6JW7YS/Greenhill et al. - 2009 - Does horizontal transmission invalidate cultural p.pdf:application/pdf",
	journal = "Proceedings of the Royal Society of London B: Biological Sciences",
	number = "1665",
	pages = "2299--2306",
	title = "{Does horizontal transmission invalidate cultural phylogenies?}",
	volume = "276",
	year = "2009"
}

@article{turchin_war_2013,
	author = "Turchin, P. and Currie, T. E. and Turner, E. A. L. and Gavrilets, S.",
	doi = "10.1073/pnas.1308825110",
	file = "PNAS-2013-Turchin-16384-9.pdf:/home/mcoto/.zotero/zotero/esedysa1.default/zotero/storage/254HK66H/PNAS-2013-Turchin-16384-9.pdf:application/pdf;PNAS-2013-Turchin-16384-9.pdf:/home/mcoto/.zotero/zotero/esedysa1.default/zotero/storage/S24PNI3H/PNAS-2013-Turchin-16384-9.pdf:application/pdf",
	issn = "0027-8424, 1091-6490",
	journal = "Proceedings of the National Academy of Sciences",
	language = "en",
	month = oct,
	number = "41",
	pages = "16384--16389",
	title = "{War, space, and the evolution of {Old} {World} complex societies}",
	url = "http://www.pnas.org/cgi/doi/10.1073/pnas.1308825110",
	urldate = "2014-09-15",
	volume = "110",
	year = "2013"
}

@incollection{remesal_alfares_2004,
	address = "Oxford, England",
	author = "Remesal, Jos{\'e}",
	booktitle = "{Actas del {Congreso} {Internacional} {FIGLINAE} {BAETICAE}. {Talleres} alfareros y producciones cer{\'a}micas en la {B{\'e}tica} romana (ss. {II} a.{C}. -- {VII} d.{C}.)}",
	pages = "349--362",
	publisher = "BAR International Series",
	series = "{1266}",
	title = "{Alfares y producciones ceramicas en la provincia de {Cordoba}. {Balance} y perspectivas}",
	volume = "1",
	year = "2004"
}

@incollection{bourgeon_investigacion_2016,
	address = "Barcelona",
	author = "Bourgeon, Oriane and {Garc{\'i}a Vargas}, Enrique Garc{\'i}a and Corbeel, S{\'e}verine and Carrato, Charlotte and Pellegrino, Vincenzo and {V{\'a}zquez Paz}, Jacobo",
	booktitle = "{Amphorae ex {Hispania}: paisajes de producci{\'o}n y consumo}",
	file = "Bourgeon et al. - 2016 - Investigaci{\'o}n arqueol{\'o}gica en el alfar de {\'a}nforas .pdf:/home/mcoto/.zotero/zotero/esedysa1.default/zotero/storage/6KJPSX43/Bourgeon et al. - 2016 - Investigaci{\'o}n arqueol{\'o}gica en el alfar de {\'a}nforas .pdf:application/pdf",
	publisher = "Instituto Catal{\'a}n de Arqueolog{\'i}a Cl{\'a}sica (ICAC)",
	series = "{Monograf{\'i}as ex officina hispana}",
	title = "{Investigaci{\'o}n arqueol{\'o}gica en el alfar de {\'a}nforas {Dressel} 20 de {Las} {Delicias} ({\'E}cija, {Sevilla}) 2013-2015: un primer balance}",
	volume = "III",
	year = "2016"
}

@techreport{tabales-rodriguez_ciudad_2010,
	address = "Sevilla",
	annote = "http://www.iaph.es/export/sites/default/galerias/patrimonio-cultural/documentos/gestion-informacion/La\_ciudad\_sumergida\_arqueologia\_\_y\_paisaje\_historico\_urbano\_de\_la\_ciudad\_de\_sevilla.pdf https://repositorio.iaph.es/handle/11532/162356",
	author = "Tabales-Rodr{\'i}guez, Miguel Angel and Alba, Margarita",
	institution = "Instituto Andaluz de Patrimonio Hist{\'o}rico",
	number = "Estudio tem{\'a}tico IV",
	title = "{La ciudad sumergida: arqueolog{\'i}a y paisaje hist{\'o}rico urbano de la ciudad de {Sevilla} ({Proyecto} {Gu{\'i}a} del {Paisaje} {Hist{\'o}rico} {Urbano} de {Sevilla})}",
	year = "2010"
}

@book{drennan_statistics_1996,
	address = "New York",
	author = "Drennan, Robert D",
	publisher = "Plenum Press",
	series = "{Interdisciplinary {Contributions} to {Archaeology}}",
	title = "{Statistics for archaeologists. {A} {Commonsense} {Approach}}",
	year = "1996"
}

@book{shannon_systems_1975,
	author = "Shannon, Robert E",
	publisher = "Prentice Hall",
	title = "{Systems simulation; the art and science}",
	year = "1975"
}

@book{clarke_models_2014,
	editor = "Clarke, David L",
	location = "London \& New York",
	publisher = "Routledge",
	title = "{Models in archaeology}",
	year = "2015"
}

@article{smith_how_2015,
	author = "Smith, Michael E",
	file = "Smith - 2015 - How can archaeologists make better arguments.pdf:/home/mcoto/.zotero/zotero/esedysa1.default/zotero/storage/R7V9EZMF/Smith - 2015 - How can archaeologists make better arguments.pdf:application/pdf",
	journal = "The SAA Archaeological Record",
	number = "4",
	pages = "18--23",
	title = "{How can archaeologists make better arguments}",
	volume = "15",
	year = "2015"
}

@book{bratley_guide_2011,
	author = "Bratley, Paul and Fox, Bennet L and Schrage, Linus E",
	publisher = "Springer Science \& Business Media",
	title = "{A guide to simulation}",
	year = "2011"
}

@phdthesis{rubio-campillo_modelitzacio_2009,
	author = "Rubio-Campillo, Xavier",
	school = "Universitat de Barcelona",
	title = "{Modelitzaci{\'o} i simulaci{\'o} aplicades a la recerca i interpretaci{\'o} de camps de batalla}",
	year = "2009"
}

@incollection{lake_uncertain_2010,
	author = "Lake, MW",
	booktitle = "{Simulating change. {Archaeology} into the twenty-first century}",
	publisher = "University of Utah Press",
	title = "{The uncertain future of simulating the past}",
	year = "2010"
}

@article{marwick_computational_2017,
	author = "Marwick, Ben",
	file = "Computational Reproducibility in Archaeological Re.pdf:/home/mcoto/.zotero/zotero/esedysa1.default/zotero/storage/UEIEVHKT/Computational Reproducibility in Archaeological Re.pdf:application/pdf",
	journal = "Journal of Archaeological Method and Theory",
	number = "2",
	pages = "424--450",
	title = "{Computational reproducibility in archaeological research: basic principles and a case study of their implementation}",
	volume = "24",
	year = "2017"
}

@article{clarke_archaeology:_1973,
	author = "Clarke, David L",
	file = "Clarke - 1973 - Archaeology the loss of innocence.pdf:/home/mcoto/.zotero/zotero/esedysa1.default/zotero/storage/9YUELBMQ/Clarke - 1973 - Archaeology the loss of innocence.pdf:application/pdf",
	journal = "Antiquity",
	number = "185",
	pages = "6--18",
	title = "{Archaeology: the loss of innocence}",
	volume = "47",
	year = "1973"
}

@book{epstein_growing_1996,
	author = "Epstein, Joshua M and Axtell, Robert",
	publisher = "Brookings Institution Press",
	title = "{Growing artificial societies: social science from the bottom up}",
	year = "1996"
}

@article{turchin_arise_2008,
	author = "Turchin, Peter",
	file = "turchin\_2008.pdf:/home/mcotsar/Zotero/storage/Z5DNHT73/turchin\_2008.pdf:application/pdf",
	journal = "Nature",
	number = "7200",
	pages = "34--35",
	title = "{Arise 'cliodynamics'}",
	volume = "454",
	year = "2008"
}

@incollection{tabales-rodriguez_hospital_2001,
	annote = "https://www.juntadeandalucia.es/export/drupaljda/Anuario-arqueologico/Anuario-1998/Urgencias\_2.pdf",
	author = "Tabales-Rodr{\'i}guez, Miguel Angel",
	booktitle = "{Anuario arqueol{\'o}gico de {Andaluc{\'i}a} 1998.}",
	pages = "751--768",
	publisher = "Consejer{\'i}a de Cultura",
	series = "{Actividades de Urgencias III}",
	title = "{El {Hospital} de las {Cinco} {Llagas} de {Sevilla}. {Primera} fase de estudios arqueol{\'o}gicos, 1998}",
	volume = "2",
	year = "2001"
}

@misc{lopera_excavacion_1997,
	author = "Lopera, Reyes",
	note = "Exp. 3.364",
	publisher = "Delegaci{\'o}n Provincial de Cultura en C{\'o}rdoba",
	title = "{Excavaci{\'o}n arqueol{\'o}gica de urgencia en {Malpica}, {Palma} del {R{\'i}o}. {Informe} {Preliminar}}",
	year = "1997"
}

@book{ponsich_implantation_1974,
	address = "Madrid",
	author = "Ponsich, Michel",
	publisher = "Publications de la Casa de Velazquez, s{\'e}r. Arch{\'e}ologie",
	title = "{Implantation rurale antique sur le {Bas}-{Guadalquivir} (tome {I})}",
	year = "1974"
}

@book{ponsich_implantation_1987,
	address = "Madrid",
	author = "Ponsich, Michel",
	publisher = "Publications de la Casa de Velazquez, s{\'e}r. Arch{\'e}ologie",
	title = "{Implantation rurale antique sur le {Bas}-{Guadalquivir} (tome {III})}",
	year = "1987"
}

@book{ponsich_implantation_1991,
	address = "Madrid",
	author = "Ponsich, Michel",
	publisher = "Publications de la Casa de Velazquez, s{\'e}r. Arch{\'e}ologie",
	title = "{Implantation rurale antique sur le {Bas}-{Guadalquivir} (tome {IV})}",
	year = "1991"
}

@book{ponsich_implantation_1979,
	address = "Madrid",
	author = "Ponsich, Michel",
	publisher = "Publications de la Casa de Velazquez, s{\'e}r. Arch{\'e}ologie",
	title = "{Implantation rurale antique sur le {Bas}-{Guadalquivir} (tome {II})}",
	year = "1979"
}

@book{baxter_exploratory_1994,
	author = "Baxter, Michael John",
	publisher = "Edinburgh University Press",
	title = "{Exploratory multivariate analysis in archaeology}",
	year = "1994"
}

@book{baxter_multivariate_2016,
	author = "Baxter, Michael John",
	publisher = "Nottingham",
	title = "{Multivariate {Analysis} of {Archaeometric} {Data}. {An} {Introduction}}",
	year = "2016"
}

@article{alarcon_nuevos_2010,
	author = "Buz{\'o}n, Manuel",
	file = "alarcondressel.pdf:/home/mcotsar/Zotero/storage/VP7UJE3P/alarcondressel.pdf:application/pdf",
	journal = "Romula",
	pages = "201--224",
	title = "{Nuevos datos acerca del {\'a}rea suburbana de {Caura}}",
	volume = "9",
	year = "2010"
}

@book{targett_quantitative_1990,
	address = "Edinburgh Business School",
	author = "Targett, David",
	file = "Targett - 1990 - Quantitative Methods.pdf:/home/mcoto/.zotero/zotero/esedysa1.default/zotero/storage/2JKCGTP8/Targett - 1990 - Quantitative Methods.pdf:application/pdf",
	publisher = "Pitman",
	title = "{Quantitative {Methods}}",
	year = "1990"
}

@book{little_oxford_2013,
	annote = "Link: https://gess.uni-mannheim.de/fileadmin/gess\_content/Doctoral\_Programs/CDSS/PDFs/The\_Oxford\_Handbook\_of\_Quantitative\_Methods\_II.pdf",
	author = "Little, Todd D",
	publisher = "Oxford University Press",
	title = "{The {Oxford} handbook of quantitative methods, {Volume} 2: {Statistical} {Analysis}}",
	volume = "2",
	year = "2013"
}

@book{renfrew_arqueologi._2004,
	author = "Renfrew, Colin and Bahn, Paul",
	publisher = "Ediciones Akal",
	title = "{Arqueolog{\'i}a. {Teor{\'i}a}, {M{\'e}todos} y {Pr{\'a}ctica}}",
	year = "2004"
}

@book{hodder_interpretacion_1988,
	author = "Hodder, Ian",
	publisher = "Cr{\'i}tica",
	title = "{Interpretaci{\'o}n en arqueolog{\'i}a: corrientes actuales}",
	year = "1988"
}

@book{descurac_prefecture_1976,
	annote = "Consulta del libro aqu{\'i} https://www.persee.fr/doc/befar\_0257-4101\_1976\_mon\_226\_1\#befar\_0257-4101\_1976\_mon\_226\_1\_T2\_0001\_0000",
	author = "{Pavis d'Escurac}, Henriette",
	publisher = "{\'E}cole fran\c{c}aise de Rome",
	title = "{La pr{\'e}fecture de l'annone, service administratif imp{\'e}rial d'{Auguste} {\`a} {Constantin}}",
	year = "1976"
}

@book{ozcariz_gil_administracion_2013,
	address = "Barcelona",
	author = "{Ozc{\'a}riz Gil}, Pablo",
	file = "HispaniaCiteriorOscariz.pdf:/home/mcoto/.zotero/zotero/esedysa1.default/zotero/storage/VM59HCSL/HispaniaCiteriorOscariz.pdf:application/pdf",
	publisher = "Col .lecci{\'o} Instrumenta. Universitat de Barcelona",
	title = "{La administraci{\'o}n de la provincia {Hispania} {Citerior} durante el {Alto} {Imperio} {Romano}. {Organizaci{\'o}n} territorial, cargos administrativos y fiscalidad}",
	volume = "44",
	year = "2013"
}

@book{blazquez_produccion_1980,
	annote = "https://dialnet.unirioja.es/servlet/libro?codigo=375623",
	author = "Bl{\'a}zquez, Jose Mar{\'i}a",
	file = "Snapshot:/home/mcoto/.zotero/zotero/esedysa1.default/zotero/storage/BKX4SKJR/libro.html:text/html",
	isbn = "978-84-7491-025-4",
	publisher = "Universidad Complutense",
	shorttitle = "Producci{\'o}n y comercio del aceite en la {Antig{\"u}edad}",
	title = "{Producci{\'o}n y comercio del aceite en la {Antig{\"u}edad}: {Primer} {Congreso} {Internacional}}",
	urldate = "2019-01-17",
	year = "1980"
}

@book{blazquez_produccion_1983,
	author = "Bl{\'a}zquez, Jos{\'e} Mar{\'i}a and Remesal, Jos{\'e}",
	file = "Snapshot:/home/mcoto/.zotero/zotero/esedysa1.default/zotero/storage/MM64RZHL/libro.html:text/html",
	isbn = "978-84-7491-107-7",
	publisher = "Universidad Complutense",
	title = "{Producci{\'o}n y comercio del aceite en la antig{\"u}edad: segundo congreso internacional : ({Sevilla}, 24-28 febrero 1982)}",
	url = "https://dialnet.unirioja.es/servlet/libro?codigo=7883",
	urldate = "2019-01-17",
	year = "1983"
}

@article{callender_anforas_1948,
	author = "Callender, MH",
	journal = "Cuaderno de Historia Primitiva del hombre",
	pages = "139--142",
	title = "{Las {\'a}nforas del sur de {Espa{\~n}a} y sus sellos}",
	year = "1948"
}

@article{pelichet_propos_1946,
	author = "Pelichet, Edgar",
	file = "Pelichet - A propos des amphores romaines trouv{\'e}es {\`a} Nyon.pdf:/home/mcoto/.zotero/zotero/esedysa1.default/zotero/storage/7N98WA7H/Pelichet - A propos des amphores romaines trouv{\'e}es {\`a} Nyon.pdf:application/pdf",
	journal = "Zeitschrifif{\"u}r Schweizerische Altertumskunde und Kunsgeschichte",
	pages = "189--202",
	title = "{A propos des amphores romaines trouv{\'e}es {\`a} {Nyon}}",
	volume = "62",
	year = "1946"
}

@article{tchernia_amphores_1964,
	author = "Tchernia, A",
	journal = "M{\'e}langes d{\rq}arch{\'e}ologie et d{\rq}histoire de l{\rq}{\'E}cole Fran\c{c}aise de Rome, 76 (2)",
	pages = "419--449",
	title = "{Amphores et marques d{\rq}amphores de {B{\'e}tique} {\`a} {Pomp{\'e}i} et {\`a} {Stabies}}",
	year = "1964"
}

@incollection{remesal_reflejos_1980,
	author = "Remesal, Jos{\'e}",
	booktitle = "{Producci{\'o}n y comercio del aceite en la {Antig{\"u}edad}: {Primer} {Congreso} {Internacional}}",
	file = "Snapshot:/home/mcoto/.zotero/zotero/esedysa1.default/zotero/storage/K42ZMWMK/articulo.html:text/html",
	isbn = "978-84-7491-025-4",
	language = "spa",
	pages = "131--154",
	publisher = "Universidad Complutense",
	title = "{Reflejos econ{\'o}micos y sociales en la produccci{\'o}n de {\'a}nforas olearias b{\'e}ticas}",
	url = "https://dialnet.unirioja.es/servlet/articulo?codigo=3005530",
	urldate = "2019-01-18",
	year = "1980"
}

@incollection{aguilera_cronologianforas_1999,
	author = "Aguilera, Antonio",
	booktitle = "{Estudios sobre el monte {Testaccio} ({Roma}). {I}.}",
	pages = "345--364",
	publisher = "Col .lecci{\'o} Instrumenta. Universitat de Barcelona",
	series = "{Instrumenta}",
	title = "{La cronolog{\'i}a de las {\'a}nforas {Dressel} 20 a partir del an{\'a}lisis discriminante}",
	volume = "7",
	year = "1999"
}

@article{cuomo_di_caprio_proposta_1971,
	annote = "Figura aqu{\'i} https://www.researchgate.net/figure/Figura-7-Tipologia-de-los-hornos-romanos-segun-Cuomo-Di-Caprio-Fuente-Cuomo-Di-Caprio\_fig7\_303445384",
	author = "{Cuomo di Caprio}, Ninina",
	journal = "Sibrium",
	pages = "371--464",
	title = "{Proposta di classificazione delle fornaci per ceramica e laterizi nell'area italiana dalla preistoria a tutta l'epoca romana}",
	volume = "11",
	year = "1971"
}

@incollection{obrien_diversity_2008,
	address = "Washington, DC",
	author = "O'Brien, Michael J. and Lyman, R Lee and Collard, Mark and Holden, C.J. and Gray, Russell D and Shennan, Stephen",
	booktitle = "{Cultural transmission and archeology. {Issues} and case studies}",
	file = "O'Brien et al. - Transmission, phylogenetics and the evolution of c.pdf:/home/mcoto/.zotero/zotero/esedysa1.default/zotero/storage/W4ILS4JU/O'Brien et al. - Transmission, phylogenetics and the evolution of c.pdf:application/pdf",
	pages = "39--58",
	publisher = "Society for American Archaeology.",
	title = "{Transmission, phylogenetics and the evolution of cultural diversity}",
	year = "2008"
}

@article{fitch_toward_1971,
	author = "Fitch, Walter M",
	file = "Fitch - 1971 - Toward defining the course of evolution minimum c.pdf:/home/mcoto/.zotero/zotero/esedysa1.default/zotero/storage/V4VZMWYF/Fitch - 1971 - Toward defining the course of evolution minimum c.pdf:application/pdf",
	journal = "Systematic Biology",
	number = "4",
	pages = "406--416",
	title = "{Toward defining the course of evolution: minimum change for a specific tree topology}",
	volume = "20",
	year = "1971"
}

@article{mrbayes,
	author = "Huelsenbeck, John P. and Ronquist, Fredrik",
	doi = "10.1093/bioinformatics/17.8.754",
	eprint = "/oup/backfile/content\_public/journal/bioinformatics/17/8/10.1093\_bioinformatics\_17.8.754/3/170754.pdf",
	journal = "Bioinformatics",
	number = "8",
	pages = "754--755",
	title = "{MRBAYES: Bayesian inference of phylogenetic trees}",
	url = "http://dx.doi.org/10.1093/bioinformatics/17.8.754",
	volume = "17",
	year = "2001"
}

@article{boyd_cultural_2011,
	author = "Boyd, Robert and Richerson, Peter J and Henrich, Joseph",
	file = "boyd2011.pdf:/home/mcoto/.zotero/zotero/esedysa1.default/zotero/storage/6PWDWCIW/boyd2011.pdf:application/pdf",
	journal = "Proceedings of the National Academy of Sciences",
	number = "Supplement 2",
	pages = "10918--10925",
	title = "{The cultural niche: {Why} social learning is essential for human adaptation}",
	volume = "108",
	year = "2011"
}

@book{darwin_descent_1888,
	address = "London",
	annote = "Online here http://darwin-online.org.uk/EditorialIntroductions/Freeman\_TheDescentofMan.html",
	author = "Darwin, Charles",
	publisher = "Murray",
	title = "{The descent of man and selection in relation to sex}",
	volume = "1-2",
	year = "1888"
}

@article{gandon_individuals_2018,
	author = "Gandon, Enora and Coyle, Thelma and Bootsma, Reinoud J and Roux, Valentine and Endler, John",
	file = "Gandon et al. - 2018 - Individuals amongst the pots How do traditional c.pdf:/home/mcoto/.zotero/zotero/esedysa1.default/zotero/storage/5L2YFBR5/Gandon et al. - 2018 - Individuals amongst the pots How do traditional c.pdf:application/pdf",
	journal = "Ecological Psychology",
	number = "just-accepted",
	pages = "299--313",
	title = "{Individuals amongst the pots: {How} do traditional ceramic shapes vary between potters?}",
	volume = "30",
	year = "2018"
}

@incollection{garcia_rivero_theory_2016,
	address = "Oxford",
	author = "{Garc{\'i}a Rivero}, Daniel",
	booktitle = "{Darwin{\rq}s {Legacy}: the status of {Evolucionary} {Archaeology} in {Argentina}}",
	file = "Garc{\'i}a Rivero - 2016 - Theory of classification and Taxonomical Schools .pdf:/home/mcoto/.zotero/zotero/esedysa1.default/zotero/storage/5HBUARXU/Garc{\'i}a Rivero - 2016 - Theory of classification and Taxonomical Schools .pdf:application/pdf",
	pages = "12--32",
	publisher = "Archaeopress",
	title = "{Theory of classification and {Taxonomical} {Schools}: a synthesis for archaeology}",
	year = "2016"
}

@book{escacena_clasificacion_2010,
	address = "Sevilla",
	editor = "{Escacena Carrasco}, J.L. and {Garc{\'i}a Rivero}, D and {Garc{\'i}a Fern{\'a}ndez}, FJ",
	publisher = "Universidad de Sevilla. Secretariado de Publicaciones",
	title = "{Clasificaci{\'o}n y {Arqueolog{\'i}a}: {Enfoques} y m{\'e}todos taxon{\'o}micos a la luz de la evoluci{\'o}n darwiniana}",
	year = "2010"
}

@article{baby_drift_2003,
	author = "Hahn, Matthew W and Bentley, R Alexander",
	file = "Hahn and Bentley - 2003 - Drift as a mechanism for cultural change an examp.pdf:/home/mcoto/.zotero/zotero/esedysa1.default/zotero/storage/JES55ASQ/Hahn and Bentley - 2003 - Drift as a mechanism for cultural change an examp.pdf:application/pdf",
	journal = "Proceedings of the Royal Society of London B: Biological Sciences",
	number = "Suppl 1",
	pages = "S120--S123",
	title = "{Drift as a mechanism for cultural change: an example from baby names}",
	volume = "270",
	year = "2003"
}

@article{rodriguez_zoya_modelos_2015,
	author = "{Rodr{\'i}guez Zoya}, Leonardo Gabriel and Roggero, Pascal",
	doi = "10.1016/S0185-1918(15)30025-8",
	file = "Rodr{\'i}guez Zoya and Roggero - 2015 - Modelos basados en agentes aportes epistemol{\'o}gico.pdf:/home/mcoto/.zotero/zotero/esedysa1.default/zotero/storage/UZQLDNNZ/Rodr{\'i}guez Zoya and Roggero - 2015 - Modelos basados en agentes aportes epistemol{\'o}gico.pdf:application/pdf",
	issn = "01851918",
	journal = "Revista Mexicana de Ciencias Pol{\'i}ticas y Sociales",
	language = "es",
	month = sep,
	number = "225",
	pages = "227--261",
	shorttitle = "Modelos basados en agentes",
	title = "{Modelos basados en agentes: aportes epistemol{\'o}gicos y te{\'o}ricos para la investigaci{\'o}n social}",
	url = "http://www.revistas.unam.mx/index.php/rmcpys/article/view/52073",
	urldate = "2019-01-30",
	volume = "60",
	year = "2015"
}

@book{axelrod_evoluton_1984,
	address = "New York",
	author = "Axelrod, Robert",
	file = "Axelrod - 1984 - The evoluton of cooperation.pdf:/home/mcoto/.zotero/zotero/esedysa1.default/zotero/storage/PBKTPYQK/Axelrod - 1984 - The evoluton of cooperation.pdf:application/pdf",
	publisher = "Basic Books, Inc. Publishers",
	title = "{The evoluton of cooperation}",
	year = "1984"
}

@article{crabtree_simulating_2016,
	author = "Crabtree, Stefani A",
	file = "land-05-00005.pdf:/home/mcotsar/Zotero/storage/NJ8EC698/land-05-00005.pdf:application/pdf",
	journal = "Land",
	number = "1",
	title = "{Simulating {Littoral} {Trade}: {Modeling} the {Trade} of {Wine} in the {Bronze} to {Iron} {Age} {Transition} in {Southern} {France}}",
	volume = "5",
	year = "2016"
}

@inproceedings{war_agent-based_2012,
	author = "Scogings, Chris and Hawick, Ken",
	booktitle = "{Proceedings of the {Winter} {Simulation} {Conference}}",
	file = "06465043.pdf:/home/mcotsar/Zotero/storage/8497KMHJ/06465043.pdf:application/pdf",
	pages = "207",
	publisher = "Winter Simulation Conference",
	title = "{An agent-based model of the battle of {Isandlwana}}",
	year = "2012"
}

@article{lake_use_2001,
	author = "Lake, Mark",
	file = "pedestrianmodeling.pdf:/home/mcotsar/Zotero/storage/8Q9Z4C6K/pedestrianmodeling.pdf:application/pdf",
	journal = "Environment and Planning B: Planning and Design",
	number = "3",
	pages = "385--403",
	title = "{The use of pedestrian modelling in archaeology, with an example from the study of cultural learning}",
	volume = "28",
	year = "2001"
}

@article{mesoudi_cultural_2018,
	author = "Mesoudi, Alex",
	file = "Mesoudi - Cultural evolution and cultural psychology.pdf:/home/mcoto/.zotero/zotero/esedysa1.default/zotero/storage/DRXKHP6G/Mesoudi - Cultural evolution and cultural psychology.pdf:application/pdf",
	journal = "PsyArXiv",
	title = "{Cultural evolution and cultural psychology}",
	url = "https://osf.io/7k86h",
	urldate = "2019-02-07",
	year = "2018"
}

@article{mesoudi_cultural_2008a,
	author = "Mesoudi, Alex and O'Brien, Michael J",
	file = "Mesoudi\_OBrien\_AmAnt\_2008a.pdf:/home/mcoto/.zotero/zotero/esedysa1.default/zotero/storage/F642NFEN/Mesoudi\_OBrien\_AmAnt\_2008a.pdf:application/pdf",
	journal = "American Antiquity",
	pages = "3--28",
	title = "{The cultural transmission of {Great} {Basin} projectile-point technology {I}: an experimental simulation}",
	year = "2008"
}

@book{costopoulos2010simulating,
	author = "Costopoulos, Andre and Lake, Mark W",
	publisher = "University of Utah Press",
	title = "{Simulating change: archaeology into the twenty-first century}",
	year = "2010"
}

@book{clarkeanaliticaarqueo1994,
	author = "Clarke, David L",
	publisher = "Bellaterra",
	title = "{Arqueolog{\'i}a anal{\'i}tica}",
	year = "1994"
}

@book{clarke2014analytical,
	author = "Clarke, David L",
	publisher = "Routledge",
	school = "London",
	title = "{Analytical archaeology}",
	year = "2014"
}

@book{kruschke2014doing,
	author = "Kruschke, John",
	publisher = "Academic Press",
	title = "{Doing Bayesian data analysis: A tutorial with R, JAGS, and Stan}",
	year = "2014"
}

@book{gelman2013bayesian,
	author = "Gelman, Andrew and Stern, Hal S and Carlin, John B and Dunson, David B and Vehtari, Aki and Rubin, Donald B",
	publisher = "Chapman and Hall/CRC",
	title = "{Bayesian data analysis}",
	year = "2013"
}

@book{matloff2011art,
	author = "Matloff, Norman",
	publisher = "No Starch Press",
	title = "{The art of R programming: A tour of statistical software design}",
	year = "2011"
}

@book{lutz2013learning,
	author = "Lutz, Mark",
	publisher = {" O'Reilly Media, Inc."},
	title = "{Learning Python: Powerful Object-Oriented Programming}",
	year = "2013"
}

@misc{Rprogram,
	key = "The R Project",
	title = "{R programming}",
	url = "https://www.r-project.org"
}

@article{axtell_population_2002,
	author = "Axtell, Robert L and Epstein, Joshua M and Dean, Jeffrey S and Gumerman, George J and Swedlund, Alan C and Harburger, Jason and Chakravarty, Shubha and Hammond, Ross and Parker, Jon and Parker, Miles",
	file = "popugrown.pdf:/home/mcotsar/Zotero/storage/MXA56FX9/popugrown.pdf:application/pdf",
	journal = "Proceedings of the National Academy of Sciences",
	number = "suppl 3",
	pages = "7275--7279",
	title = "{Population growth and collapse in a multiagent model of the {Kayenta} {Anasazi} in {Long} {House} {Valley}}",
	volume = "99",
	year = "2002"
}

@article{barcelo_social_2014,
	annote = "https://journals.sagepub.com/doi/abs/10.1177/0894439313511943",
	author = "Barcel{\'o}, Juan A and Bernal, Florencia Del Castillo and Olmo, Ricardo Del and Mameli, Laura and Quesada, FJ Miguel and Poza, David and Vil{\`a}, Xavier",
	journal = "Social Science Computer Review",
	number = "3",
	pages = "417--436",
	title = "{Social interaction in hunter-gatherer societies: simulating the consequences of cooperation and social aggregation}",
	volume = "32",
	year = "2014"
}

@inbook{costopoulos2010theory,
	author = "Costopoulos, A",
	journal = "Simulating Change: Archaeology into the Twenty-First Century",
	pages = "21--27",
	publisher = "The University of Utah Press",
	title = "{For a theory of archaeological simulation}",
	year = "2010"
}

@book{johnson2010archaeological,
	author = "Johnson, Matthew",
	publisher = "Blackwell Publishing",
	title = "{Archaeological theory: an introduction}",
	year = "1999"
}

@article{diaz1993theory,
	author = "Diaz-Andreu, Margarita",
	journal = "Antiquity",
	number = "254",
	pages = "74--82",
	publisher = "Cambridge University Press",
	title = "{Theory and ideology in archaeology: Spanish archaeology under the Franco r{\'e}gime}",
	volume = "67",
	year = "1993"
}

@incollection{diaz-andreu_archaeology_1995,
	address = "Cambridge",
	author = "Diaz-Andreu, Margarita",
	booktitle = "{Nationalism, {Politics}, and the {Practice} of {Archaeology}}",
	file = "DÄ±az-Andreu - 1995 - Archaeology and nationalism in Spain.pdf:/home/mcoto/.zotero/zotero/esedysa1.default/zotero/storage/UU2E8MXB/DÄ±az-Andreu - 1995 - Archaeology and nationalism in Spain.pdf:application/pdf",
	pages = "39--56",
	publisher = "Cambridge University Press",
	title = "{Archaeology and nationalism in {Spain}}",
	year = "1995"
}

@incollection{rubio-campillo_provincias_2018,
	address = "Barcelona",
	author = "Rubio-Campillo, X and Berm{\'u}dez, J.M. and Montanier, JM and {Moros Diaz}, J. and P{\'e}rez-Gonz{\'a}lez, J. and Remesal, J.",
	booktitle = "{Cuantificar las econom{\'i}as antiguas. Problemas metodol{\'o}gicos}",
	pages = "237--249",
	publisher = "Instrumenta. Universitat de Barcelona",
	title = "{Provincias, sellos e hip{\'o}tesis nulas: la identificaci{\'o}n de rutas de comercio a trav{\'e}s de medidas de distancia cultural}",
	year = "2018"
}

@book{wilson2005genes,
	author = "Lumsden, Charles J and Wilson, Edward O",
	publisher = "World Scientific",
	title = "{Genes, mind, and culture: The coevolutionary process}",
	year = "2005"
}

@phdthesis{peccitesis2005,
	author = "Pecci, A.",
	school = "Universit{\`a} degli Studi di Siena",
	title = "{Per una definizione delle funzioni degli spazi e delle ceramiche all{\rq}interno degli insediamenti in corso di scavo: un progetto archeometrico}",
	year = "2005"
}

@book{columela_doce_1824,
	address = "Madrid",
	author = "{{\'A}lvarez de Sotomayor i Rubio}, Juan Mar{\'i}a",
	publisher = "Imprenta de Miguel de Burgos",
	title = "{Columela. Los doce libros de agricultura. {Tomo} {II}. (siete primeros libros)}",
	volume = "2",
	year = "1824"
}

@incollection{blazquez_monte_1994,
	address = "Madrid",
	author = "Bl{\'a}zquez, Jos{\'e} Maria",
	booktitle = "{Excavaciones arqueol{\'o}gicas en el {Monte} {Testaccio} ({Roma}): memoria campa{\~n}a 1989}",
	file = "Blazquez Martinez - 1994 - El Monte Testaccio en el Imperio Romano.pdf:/home/mcoto/.zotero/zotero/esedysa1.default/zotero/storage/W6QAI9GY/Blazquez Martinez - 1994 - El Monte Testaccio en el Imperio Romano.pdf:application/pdf",
	pages = "11--17",
	publisher = "Ministerio de Cultura",
	title = "{El {Monte} {Testaccio} en el {Imperio} {Romano}}",
	year = "1994"
}

@inbook{remesal1983transformacione,
	address = "Madrid",
	author = "Remesal, Jos{\'e}",
	booktitle = "{Produccion y comercio del aceite en la antiguedad: segundo congreso internacional (Sevilla, 24-28 febrero 1982)}",
	location = "Madrid",
	pages = "115--132",
	publisher = "Universidad Complutense de Madrid",
	title = "{Transformaciones en la exportaci{\'o}n del aceite b{\'e}tico a mediados del siglo III d.C.}",
	year = "1983"
}

@article{pena_alfares_1967,
	author = "{Pe{\~n}a de la}, J.F.",
	journal = "Archivo Espa{\~n}ol de Arqueolog{\'i}a",
	pages = "129--137",
	title = "{Alfares y marcas de {\'a}nforas del valle medio del {Guadalquivir}}",
	volume = "40",
	year = "1967"
}

@book{chicepi1985,
	author = "Chic, Genaro",
	publisher = "Universidad de Sevilla",
	title = "{Epigrafia anf{\'o}rica de la B{\'e}tica I: Las marcas impresas en el barro sobre {\'a}nforas olearias (Dressel 19, 20 y 23)}",
	volume = "1",
	year = "1985"
}

@incollection{clark2016introduction,
	author = "Clark, Terence",
	booktitle = "{Computational Approaches to Archaeological Spaces}",
	pages = "69--98",
	publisher = "Routledge",
	title = "{An introduction to integrative distance analysis (IDA)}",
	year = "2016"
}

@book{beltran1970anforas,
	author = "Beltr{\'a}n, Miguel",
	publisher = {Zaragoza Diputaci{\'o}n Provincial. Instituci{\'o}n "Fernando el Cat{\'o}lico"},
	series = "{Anejos de Caesaraugusta. Monograf{\'i}as arqueol{\'o}gicas, vol. 8}",
	title = "{Las {\'a}nforas romanas en Espa{\~n}a}",
	year = "1970"
}

@phdthesis{juanmorostesis,
	author = "Moros, Juan",
	school = "Universitat de Barcelona",
	title = "{An{\'a}lisis epigr{\'a}fico de los sellos olearios b{\'e}ticos hallados en centros de producci{\'o}n: el caso de la zona productora de Scalensia}",
	year = "2018"
}

@article{coto-sarmiento_identifying_2018,
	author = "Coto-Sarmiento, Maria and Rubio-Campillo, Xavier and Remesal, Jos{\'e}",
	copyright = "All rights reserved",
	file = "coto-sarmiento2018.pdf:/home/mcoto/.zotero/zotero/esedysa1.default/zotero/storage/857FYVDU/coto-sarmiento2018.pdf:application/pdf",
	journal = "Journal of Archaeological Science",
	pages = "117--123",
	title = "{Identifying social learning between {Roman} amphorae workshops through morphometric similarity}",
	volume = "96",
	year = "2018"
}

@book{wheatley2002spatial,
	author = "Wheatley, David and Gillings, Mark",
	publisher = "Taylor \& Francis Ltd",
	title = "{Spatial technology and archaeology: the archaeological applications of GIS}",
	year = "2002"
}

@incollection{bevan_multiscalar_2006,
	author = "Bevan, Andrew and Conolly, James",
	booktitle = "{Confronting scale in archaeology}",
	file = "Bevan and Conolly - 2006 - Multiscalar approaches to settlement pattern analy.pdf:/home/mcoto/.zotero/zotero/esedysa1.default/zotero/storage/4YWS6SM5/Bevan and Conolly - 2006 - Multiscalar approaches to settlement pattern analy.pdf:application/pdf",
	pages = "217--234",
	publisher = "Springer",
	title = "{Multiscalar approaches to settlement pattern analysis}",
	year = "2006"
}

@manual{statspackage,
	author = "{R Core Team}",
	location = "Vienna, Austria",
	publisher = "R Foundation for Statistical Computing",
	title = "{R: A Language and Environment for Statistical Computing}",
	url = "https://www.R-project.org",
	year = "2018"
}

@manual{ggplot2package,
	author = "Wickham, Hadley",
	location = "New York",
	publisher = "Springer-Verlag New York",
	title = "{Ggplot2: Elegant Graphics for Data Analysis}",
	url = "http://ggplot2.org",
	year = "2009"
}

@manual{MASSpackage,
	author = "Venables, W.N and Ripley, B. D.",
	location = "New York",
	publisher = "Springer",
	title = "{Modern Applied Statistics with S}",
	url = "http://www.stats.ox.ac.uk/pub/MASS4",
	year = "2002"
}

@manual{veganpackage,
	author = "Oksanen, Jari and Blanchet, F Guillaume and Kindt, Roeland and Legendre, Pierre and O{\rq}hara, RB and Simpson, Gavin L and Solymos, Peter and Stevens, M Henry H and Wagner, Helene",
	title = "{Vegan: community ecology package }",
	url = "https://CRAN.R-project.org/package=vegan",
	year = "2018"
}

@article{dplyrpackage,
	author = "Wickham, Hadley and Francois, Romain and Henry, Lionel and M{\"u}ller, Kirill and others",
	title = "{dplyr: A grammar of data manipulation}",
	url = "https://CRAN.R-project.org/package=dplyr",
	year = "2017"
}

@article{gridpackage,
	author = "Auguie, Baptiste",
	title = {{gridExtra: Miscellaneous Functions for "Grid" Graphics}},
	url = "https://CRAN.R-project.org/package=gridExtra",
	year = "2017"
}

@article{reshapepackage,
	author = "Wickham, Hadley",
	journal = "Journal of Statistical Software",
	number = "12",
	pages = "1--20",
	title = "{Reshaping Data with the {reshape} Package}",
	url = "http://www.jstatsoft.org/v21/i12",
	volume = "21",
	year = "2007"
}

@article{thevenot1952familia,
	author = "Th{\'e}venot, Emile",
	journal = "Archivo espa{\~n}ol de arqueolog{\'i}a",
	number = "86",
	pages = "225--231",
	publisher = "Consejo Superior de Investigaciones Cient{\'i}ficas. Instituto de Historia.",
	title = "{Una familia de negociantes en aceite establecida en la Baetica en el siglo II: los Aelii Optati}",
	volume = "25",
	year = "1952"
}

@article{tchernia1967amphores,
	author = "Tchernia, Andr{\'e}",
	journal = "Journal des savants",
	number = "1",
	pages = "216--234",
	publisher = "Acad{\'e}mie des Inscriptions et Belles Lettres",
	title = "{Les amphores romaines et l'histoire {\'e}conomique [Maurice H. Callender. Roman amphorae with index of stamps, University of Durham publication.]}",
	volume = "4",
	year = "1967"
}

@article{steinby1993organizzazione,
	author = "Steinby, Eva M",
	journal = "The Inscribed Economy. Production and Distribution in the Roman Empire in the Light of",
	pages = "139--143",
	title = "{L{\rq}organizzazione produttiva dei laterizi: un modello interpretativo per l{\rq}instrumentum in genere}",
	year = "1993"
}

@book{dechelette1934manuel,
	author = "Grenier, Albert",
	location = "Paris",
	publisher = "Editions Auguste Picard",
	title = "{Manuel d'arch{\'e}ologie pr{\'e}historique celtique et gallo-romaine. Joseph D{\'e}chelette. Arch{\'e}ologie gallo-romaine. L'arch{\'e}ologie du sol. VI}",
	year = "1934"
}

@article{mayet1986figlinae,
	author = "Mayet, Fran\c{c}oise",
	journal = "Revue des {\'e}tudes anciennes",
	pages = "285--305",
	publisher = "Presses Universitaires de Bordeaux",
	title = "{Les figlinae dans les marques d'amphores Dressel 20 de B{\'e}tique}",
	volume = "88",
	year = "1986"
}

@article{lioucolls1977epave,
	author = "Colls, Dali and {\'E}tienne, Robert and Lequ{\'e}ment, Robert and Liou, Bernard and Mayet, Fran\c{c}oise",
	journal = "Archaeonautica",
	pages = "3--145",
	publisher = "CNRS Editions",
	title = "{L'{\'e}pave Port-Vendres II et le commerce de la B{\'e}tique {\`a} l'{\'e}poque de Claude}",
	volume = "1",
	year = "1977"
}

@inproceedings{netlogo2004,
	author = "Tisue, Seth and Wilensky, Uri",
	booktitle = "{International conference on complex systems}",
	organization = "Boston, MA",
	pages = "16--21",
	title = "{Netlogo: A simple environment for modeling complexity}",
	volume = "21",
	year = "2004"
}

@inproceedings{wobst2010discussant,
	author = "Wobst, HM",
	booktitle = "{Computer Simulation Symposium, Society for American Archaeology. In: Costopoulos A, Lake M (eds) Simulating Change: Archaeology into the Twenty-First Century. University of Utah Press, Salt Lake City}",
	pages = "9--11",
	title = "{Discussant{\rq}s comments}",
	year = "2010"
}

@inproceedings{reynolds2006agent,
	author = "Reynolds, Robert G and Whallon, Robert and Ali, Mostafa Z and Zadegan, Behnooshi M",
	booktitle = "{2006 IEEE International Conference on Evolutionary Computation}",
	organization = "IEEE",
	pages = "1135--1142",
	title = "{Agent-based modeling of early cultural evolution}",
	year = "2006"
}

@article{rebolloanforas,
	author = "Rebollo, F P{\'e}rez and Fuentes, M{\textordfeminine} Carmen Cerezuela",
	journal = "Revista Murciana de Antropolog{\'i}a",
	pages = "181--208",
	title = "{{\'A}nforas olearias Dressel 20 y 23, procedentes del dragado en el interior del puerto deportivo (Puerto de Mazarr{\'o}n)}",
	volume = "7",
	year = "2001"
}

@book{spencer1898principles,
	author = "Spencer, Herbert",
	location = "New York",
	publisher = "D. Appleton and Company",
	title = "{Principles of sociology}",
	volume = "1-3",
	year = "1898"
}

@book{darwinorigin,
	author = "Darwin, Charles",
	location = "London",
	publisher = "John Murray. Albemarle Street",
	title = "{On the origin of species}",
	year = "1859"
}

@article{lyman1998goals,
	author = "Lyman, R Lee and O'Brien, Michael J",
	journal = "Current Anthropology",
	number = "5",
	pages = "615--652",
	publisher = "The University of Chicago Press",
	title = "{The goals of evolutionary archaeology: History and explanation}",
	volume = "39",
	year = "1998"
}

@incollection{garciariverotaxonomiaescuelas2010,
	author = "Garc{\'i}a-Rivero, Daniel",
	booktitle = "{Clasificaci{\'o}n y arqueolog{\'i}a: enfoques y m{\'e}todos taxon{\'o}micos a la luz de la evoluci{\'o}n darwiniana}",
	institution = "Universidad de Sevilla",
	pages = "61--94",
	publisher = "Universidad de Sevilla",
	title = "{Introducci{\'o}n a la teor{\'i}a de la clasificaci{\'o}n y de las escuelas taxon{\'o}micas (Fen{\'e}tica, clad{\'i}stica y taxonom{\'i}a evolutiva)}",
	year = "2010"
}

@book{finley1973ancient,
	author = "Finley, Moses I",
	location = "Berkeley",
	publisher = "University of California Press",
	title = "{The ancient economy}",
	year = "1973"
}

@book{rostovtzeff1926social,
	author = "Rostovtzeff, Michael Ivanovitch",
	publisher = "Biblo \& Tannen Publishers",
	title = "{The social \& economic history of the Roman Empire}",
	volume = "1",
	year = "1926"
}

@book{duncan1982economy,
	author = "Duncan-Jones, Richard",
	publisher = "CUP Archive",
	title = "{Economy of the Roman Empire}",
	year = "1982"
}

@book{quantifyingwilson2009,
	author = "Bowman, Alan and Wilson, Andrew",
	publisher = "Oxford University Press",
	title = "{Quantifying the Roman economy: methods and problems}",
	volume = "1",
	year = "2009"
}

@article{buck2015being,
	author = "Buck, Caitlin E and Meson, Bo",
	journal = "World Archaeology",
	number = "4",
	pages = "567--584",
	publisher = "Taylor \& Francis",
	title = "{On being a good Bayesian}",
	volume = "47",
	year = "2015"
}

@incollection{aldenderfer1981computer,
	author = "Aldenderfer, Mark S",
	booktitle = "{Simulations in archaeology}",
	pages = "67--118",
	publisher = "University of New Mexico Press Albuquerque",
	title = "{Computer simulation for archaeology: an introductory essay}",
	year = "1981"
}

@book{orton1982mathematics,
	author = "Orton, Clive",
	publisher = "Cambridge University Press Cambridge",
	title = "{Mathematics in archaeology}",
	year = "1982"
}

@book{baxter2003statistics,
	author = "Baxter, Michael John",
	publisher = "Arnold. Application of Statistics",
	title = "{Statistics in archaeology}",
	year = "2003"
}

@article{okumura2014long,
	author = "Okumura, Mercedes and Araujo, Astolfo GM",
	journal = "Journal of Archaeological Science",
	pages = "59--71",
	publisher = "Elsevier",
	title = "{Long-term cultural stability in hunter--gatherers: a case study using traditional and geometric morphometric analysis of lithic stemmed bifacial points from Southern Brazil}",
	volume = "45",
	year = "2014"
}

@incollection{remesal_tituli_2014,
	address = "Barcelona",
	annote = "Info https://www.academia.edu/26713307/Estudios\_sobre\_el\_Monte\_Testaccio\_Roma\_VI",
	author = "Remesal, Jos{\'e} and Aguilera, Antonio",
	booktitle = "{Estudios sobre el {Monte} {Testaccio} ({Roma}). {VI}}",
	language = "en",
	pages = "39--399",
	publisher = "Col .lecci{\'o} Instrumenta. Universitat de Barcelona",
	title = "{Los tituli picti}",
	urldate = "2019-03-29",
	volume = "47",
	year = "2014"
}

@book{dresselcatalogo1899,
	address = "Berlin",
	author = "Dressel, Henrich",
	location = "Berlin",
	publisher = "Instrumentum domesticum, pars II, fasc. 1",
	title = "{Corpus Inscriptionum Latinarum XV: Inscriptiones urbis Romae Latinae}",
	year = "1899"
}

@book{almeidatestaccio1984,
	address = "Roma",
	author = "{Rodr{\'i}guez Almeida}, E.",
	location = "Roma",
	publisher = "Quasar",
	title = "{Il Monte Testaccio : ambiente, storia, materiali}",
	year = "1984"
}

@book{schimmer2009,
	author = "Schimmer, F.",
	booktitle = "{M{\"u}nchner Beitr{\"a}ge zur Provinzialr{\"o}mischen Arch{\"a}ologie}",
	publisher = "Reichert Verlag Wiesbaden",
	title = "{Amphoren aus Cambodu- num/Kempten. Ein Beitrag zur Handels- geschichte der r{\"o}mischen Provinz Raetia}",
	year = "2009"
}

@book{mayet2004,
	address = "Paris",
	author = "Etienne, R. and Mayet, Fran\c{c}oise",
	location = "Paris",
	publisher = "De Boccard",
	title = "{L'huile hisp{\`a}nique. Corpus des timbres sur amphores Dressel 20}",
	volume = "I-II",
	year = "2004"
}

@book{ehmig2007,
	author = "Ehmig, U.",
	publisher = "Reichert verlag Wiesbaden",
	series = "{ {Frankfurter Arch{\"a}ologische Schriften}}",
	title = "{Die r{\"o}mischen Amphoren im Umland von Mainz}",
	volume = "5",
	year = "2007"
}

@book{plinioHN,
	author = "{Moure Casas}, Ana Mar{\'i}a",
	publisher = "Gredos",
	title = "{Plinio el Viejo. Historia natural. Libros XII - XVI }",
	year = "2010"
}

@book{estrabon2007geografia,
	author = "Espelos{\'i}n, Francisco Javier G{\'o}mez and Andreotti, Gonzalo Cruz and Quintela, Marco V Garc{\'i}a",
	publisher = "Alianza",
	title = "{Estrab{\'o}n. Geograf{\'i}a de Iberia}",
	year = "2007"
}

@inbook{morretta2003,
	address = "Barcelona",
	author = "Morretta, S.",
	booktitle = "{Estudios sobre el Monte Testaccio (Roma), III}",
	location = "Barcelona",
	pages = "509--566",
	publisher = "Col .lecci{\'o} Instrumenta. Universitat de Barcelona",
	title = "{Tipologia anforaria ed epigrafia: nuovo dati dalle Dressel 20 del Monte Testaccio.}",
	volume = "14",
	year = "2003"
}

@article{Derex2019,
	author = "{Derex Maxime} and {Bonnefon Jean-Fran\c{c}ois} and {Boyd Robert} and {Mesoudi Alex}",
	doi = "10.1038/s41562-019-0567-9",
	issn = "2397-3374",
	journal = "Nature Human Behaviour",
	risfield_0_da = "2019/04/01",
	risfield_1_do = "10.1038/s41562-019-0567-9",
	title = "{Causal understanding is not necessary for the improvement of culturally evolving technology}",
	year = "2019"
}

@article{acerbi_cultural_2019,
	author = "Acerbi, Alberto and Charbonneau, Mathieu and Miton, Helena and Scott-Phillips, Thomas C.",
	file = "Acerbi et al. - 2019 - Cultural stability without copying.pdf:/home/mcoto/.zotero/zotero/esedysa1.default/zotero/storage/WWJCX24R/Acerbi et al. - 2019 - Cultural stability without copying.pdf:application/pdf",
	journal = "OSF Preprints",
	pages = "1--20",
	title = "{Cultural stability without copying}",
	year = "2019"
}

@book{pavis1976prefecture,
	author = "{Pavis D'Escurac}, Henriette",
	journal = "Biblioth{\`e}que des {\'E}coles fran\c{c}aises d'Ath{\`e}nes et de Rome",
	publisher = "Ecoles fran\c{c}aises d'Ath{\`e}nes et de Rome",
	title = "{La pr{\'e}fecture de l'annone, service administratif imp{\'e}rial d'Auguste {\`a} Constantin}",
	volume = "226",
	year = "1976"
}

@book{ehmig2003romischen,
	address = "M{\"o}hnesee",
	author = "Ehmig, U.",
	booktitle = "{ Frankfurter Arch{\"a}ologische Schriften}",
	publisher = "Bibliopolis",
	title = "{Die r{\"o}mischen Amphoren aus Mainz}",
	volume = "3",
	year = "2003"
}

@book{xanten2018,
	address = "Barcelona",
	editor = "Remesal, J.",
	institution = "Universitat de Barcelona",
	location = "Barcelona",
	publisher = "Col .lecci{\'o} Instrumenta. Universitat de Barcelona",
	title = "{Colonia Ulpia Traiana (Xanten) y el Mediterr{\'a}neo. El comercio de alimentos}",
	volume = "63",
	year = "2018"
}

@book{corredor2016comercio,
	address = "Barcelona",
	author = "{Mateo Corredor}, Daniel",
	location = "Barcelona",
	publisher = "Col .lecci{\'o} Instrumenta. Universitat de Barcelona",
	title = "{Comercio anf{\'o}rico y relaciones mercantiles en Hispania Ulterior (ss. II aC-II dC)}",
	volume = "52",
	year = "2016"
}

@book{Testaccio3,
	editor = "{Bl{\'a}zquez Mart{\'i}nez}, J.M. and {Remesal Rodr{\'i}guez}, J.",
	publisher = "Col .lecci{\'o} Instrumenta. Universitat de Barcelona",
	title = "{Estudios del Monte Testaccio (Roma) III}",
	volume = "14",
	year = "2003"
}

@book{Testaccio2,
	editor = "{Bl{\'a}zquez Mart{\'i}nez}, J.M. and {Remesal Rodr{\'i}guez}, J.",
	publisher = "Col .lecci{\'o} Instrumenta. Universitat de Barcelona",
	title = "{Estudios del Monte Testaccio (Roma) II}",
	volume = "10",
	year = "2001"
}

@article{tobler1970computer,
	author = "Tobler, Waldo R",
	journal = "Economic geography",
	number = "sup1",
	pages = "234--240",
	publisher = "Taylor \& Francis",
	title = "{A computer movie simulating urban growth in the Detroit region}",
	volume = "46",
	year = "1970"
}

@article{gabora2004ideas,
	author = "Gabora, Liane",
	journal = "Biology and Philosophy",
	number = "1",
	pages = "127--143",
	publisher = "Springer",
	title = "{Ideas are not replicators but minds are}",
	volume = "19",
	year = "2004"
}

@book{dawkinsmeme,
	author = "Dawkins, Richard",
	publisher = "Oxford Paperbacks",
	title = "{The Selfish Gene}",
	year = "1989"
}

@article{thomas1978awful,
	author = "Thomas, David Hurst",
	journal = "American Antiquity",
	number = "2",
	pages = "231--244",
	publisher = "Cambridge University Press",
	title = "{The awful truth about statistics in archaeology}",
	volume = "43",
	year = "1978"
}

@article{barker2010exhibiting,
	author = "Barker, Alex W",
	journal = "Annual Review of Anthropology",
	pages = "293--308",
	publisher = "Annual Reviews",
	title = "{Exhibiting archaeology: archaeology and museums}",
	volume = "39",
	year = "2010"
}

@article{doran1986formal,
	author = "Doran, Jim",
	journal = "World Archaeology",
	number = "1",
	pages = "21--37",
	publisher = "Taylor \& Francis",
	title = "{Formal methods and archaeological theory: a perspective}",
	volume = "18",
	year = "1986"
}

@unpublished{berninuevo,
	author = "{Berni}, Piero",
	title = "{Producci{\'o}n anf{\'o}rica en Hispania. La evidencia de la epigraf{\'i}a}",
	year = "en prensa"
}

@book{bar1997dynamics,
	author = "Bar-Yam, Yaneer",
	publisher = "Addison-Wesley Reading, MA",
	title = "{Dynamics of complex systems}",
	volume = "213",
	year = "1997"
}

@article{wright1943isolation,
	author = "Wright, Sewall",
	journal = "Genetics",
	number = "2",
	pages = "114",
	publisher = "Genetics Society of America",
	title = "{Isolation by distance}",
	volume = "28",
	year = "1943"
}

@article{carreras_atlantic_2012,
	author = "Carreras, Cesar and Morais, Rui",
	doi = "10.1111/j.1468-0092.2012.00396.x",
	journal = "Oxford Journal of Archaeology",
	number = "4",
	pages = "419--441",
	title = "{The {Atlantic} {Roman} trade during the {Principate}: new evidence from the western fa\c{c}ade}",
	volume = "31",
	year = "2012"
}

@incollection{remesal_baetica_2002,
	address = "Amsterdam",
	author = "Remesal, Jos{\'e}",
	booktitle = "{The {Roman} {Army} and the {Economy}}",
	keywords = "archaeology; archaeologist; roman empire; roman",
	language = "English",
	note = "in: Paul Erdkamp (ed.)",
	pages = "293--308",
	title = "{Baetica and {Germania}. {Notes} on the concept of provincial intedependence in the {Roman} {Empire}}",
	url = "http://ceipac.ub.edu/biblio/Data/A/0325.pdf",
	year = "2002"
}

@article{morillo_hispania_2016,
	author = "Morillo, {\'A}ngel and {Fern{\'a}ndez Ochoa}, Carmen and {Salido Dom{\'i}nguez}, Javier",
	doi = "10.1111/ojoa.12089",
	issn = "02625253",
	journal = "Oxford Journal of Archaeology",
	language = "en",
	month = aug,
	number = "3",
	pages = "267--284",
	shorttitle = "\textit{{Hispania}} and the {Atlantic} {Route} in {Roman} {Times}",
	title = "{\textit{{Hispania}} and the {Atlantic} {Route} in {Roman} {Times}: new {Approaches} to {Ports} and {Trade}: \textit{{Hispania}} and the atlantic route in roman times}",
	url = "http://doi.wiley.com/10.1111/ojoa.12089",
	urldate = "2017-03-01",
	volume = "35",
	year = "2016"
}

@incollection{remesal_provincial_2008,
	address = "Oxford, England",
	author = "Remesal, Jos{\'e}",
	booktitle = "{New {Perspectives} on the {Ancient} {World}. {Modern} perceptions, ancient representations}",
	isbn = "978-1-4073-0270-6",
	keywords = "archaeology; archaeologist; roman empire; roman history; history",
	language = "English",
	pages = "155--159",
	publisher = "Archaeopress",
	series = "{{BAR} {International} {Series} 1782}",
	title = "{Provincial interdependence in the {Roman} {Empire}: an explanatory model of {Roman} economy.}",
	url = "http://ceipac.gh.ub.es/biblio/Data/A/0524.pdf",
	year = "2008"
}

@article{marliere2001tonneau,
	author = "Marli{\`e}re, {\'E}lise",
	journal = "Gallia",
	pages = "181--201",
	publisher = "JSTOR",
	title = "{Le tonneau en Gaule romaine}",
	year = "2001"
}

@article{rubio2016model,
	author = "Rubio-Campillo, Xavier",
	journal = "PloS one",
	number = "1",
	pages = "e0146491",
	publisher = "Public Library of Science",
	title = "{Model selection in historical research using approximate Bayesian computation}",
	volume = "11",
	year = "2016"
}

@article{max1899roman,
	author = "Clark-Maxwell, Willian Gilchrist",
	number = "1",
	pages = "245--305",
	publisher = "Archaeological Journal",
	title = "{The Roman Towns in the valley of the Baetis, between Cordoba and Seville}",
	volume = "56",
	year = "1899"
}

@inbook{fabiao2004epigrafia,
	author = "Fabi{\~a}o, Carlos and Guerra, Am{\'i}lcar",
	booktitle = "{Epigraf{\'i}a Anf{\'o}rica}",
	institution = "Barcelona",
	location = "Barcelona",
	number = "17",
	publisher = "ColÂ·lecci{\'o} Instrumenta. Universitat de Barcelona",
	title = "{Epigrafia anf{\'o}rica lusitana: Uma perspectiva}",
	year = "2004"
}

@article{laland2011culturalniche,
	author = "Laland, Kevin N and O{\rq}brien, Michael J",
	journal = "Biological Theory",
	number = "3",
	pages = "191--202",
	title = "{Cultural niche construction: an introduction}",
	volume = "6",
	year = "2011"
}

@book{aris_mathematical_2012,
	address = "New York",
	annote = "https://books.google.es/books?id=O33NF0qfgsoC\&pg=PA22\&hl=es\&source=gbs\_toc\_r\&cad=4\#v=onepage\&q\&f=false",
	author = "Aris, Rutherford",
	publisher = "Dover Publication, Inc.",
	title = "{Mathematical modelling techniques}",
	year = "2012"
}

